2080 2854
473 83 560 132 213
723 68 1122 114 Ftonznru
1193 67 1718 118 senoonnovu

474 168 553 199 cut
563 165 792 214 nunquam
809 148 867 195 ad
884 164 982 194 eam
1004 152 1278 213 perveniam
1300 147 1513 213 fiquidem
1527 149 1636 196 nihil
1652 166 1742 197 tam
1758 148 1985 216 profectui

472 214 787 270 adversarium,
809 214 941 278 quim]
955 212 1250 280 profectionis
1263 220 1436 281 opinio.
1466 220 1588 264 Vidit
1599 217 1687 264 hoc
1704 216 1922 283 sapientiae
1933 236 1991 266 0-

472 283 615 333 culus,
627 300 727 329 cum
741 284 905 329 diceret
917 280 1084 328 multos
1096 284 1152 329 ad
1164 284 1435 348 Sapientiam
1443 296 1660 346 ‘perventu
1668 302 1740 330 tos
1752 282 1890 342 fuisse,
1903 282 1992 335 nist

469 348 616 412 sejam
631 348 686 396 εὸ
698 345 940 414 pervenisse
956 346 1188 413 putassent.
1210 348 1379 395 Stultus
1398 353 1539 395 viator
1556 348 1703 414 fit‚qui
1718 352 1764 397 id
1784 354 1859 398 viae
1871 368 1992 398 eme-

470 418 544 463 tiri
561 431 767 470 conetur,
782 415 1011 479 quodjam
1026 416 1066 462 se
1080 416 1307 462 emensum
1323 430 1467 480 putat.
1491 419 1649 480 Itaque
1660 417 1751 464 hoc
1766 433 1982 481 tanquam

470 499 522 530 ex
540 482 721 548 tripode
749 481 864 529 habe
878 501 891 537 ;
915 483 1080 530 Credere
1091 483 1130 543 se
1156 485 1400 544 Sapientem,
1434 486 1581 546 primus
1606 486 1658 530 ad
1672 485 1987 548 stultitmmgra-

469 550 536 596 dus
551 550 613 606 ell.
648 547 921 601 Humilitate
934 586 945 596 ,
960 547 1209 591 humilitate
1223 548 1283 592 est
1295 563 1410 609 opus
1426 581 1438 600 ,
1451 566 1548 608 quae
1562 547 1912 597 fundamentum
1931 549 1992 596 est

472 630 585 661 verae
601 610 1039 670 sapientiae3quaenon
1055 608 1165 670 quid
1177 609 1326 655 'aestum
1342 609 1412 661 fit,
1430 608 1503 653 sed
1515 608 1621 668 quid
1635 609 1877 670 agendum,
1898 629 1991 659 non

445 716 449 720 .
476 678 585 740 quid
598 672 806 729 adfit,sed
828 674 939 736 quid
951 672 1079 724 defit,
1096 674 1322 725 attendat;
1341 688 1439 732 quae
1450 688 1541 716 non
1557 671 1614 715 de
1628 671 1812 732 quaefito
1827 676 1996 740 glorie-

448 772 457 793 2
479 757 569 796 tur,
588 741 655 789 sed
669 740 723 786 de
739 738 984 801 quaetendo
1002 735 1190 781 sollicita
1204 735 1267 783 fit.
1294 733 1458 781 Obstat
1472 733 1673 799 superbia
1689 741 1885 802 ingenio²
1901 759 1996 792 non

237 904 308 937 Lib.
323 914 335 936 1
344 910 371 937 a.
386 907 460 938 Mo-

235 948 355 982 talium.

478 807 599 855 secus
616 824 665 853 ac
677 820 830 851 tumor
844 801 1081 849 oculorum
1099 799 1220 847 visui.
1241 798 1540 864 Nonpoffum
1558 817 1650 847 non
1667 802 1737 848 hic
1750 807 1999 867 pulcherri-

483 892 605 921 mum
628 873 838 935 Gregorii
851 869 1002 915 locum
1017 868 1184 914 addere
1199 885 1210 914 ε
1227 868 1325 930 Qi
1337 866 1634 913 humilitatem
1649 907 1657 920 ,
1670 887 1765 932 quae
1782 872 1840 916 est
1855 888 1995 922 mater

479 943 695 989 virtutum
711 936 934 988 nesciunt,
969 933 1095 981 usum
1111 933 1171 980 sui
1182 933 1349 979 laboris
1371 933 1582 996 perdunt.
1629 937 1683 981 Et
1701 934 1728 981 fi
1743 955 1839 998 quae
1870 938 1995 987 bona.

451 1042 454 1044 -
472 1004 583 1053 sunt-
602 1021 699 1068 quae
714 1003 1046 1064 videntur,quia
1057 1000 1270 1065 surgentis
1283 996 1463 1046 fabricae
1475 998 1656 1046 robusta
1672 1002 1885 1050 cellitudo
1901 1022 1998 1052 non

451 1111 456 1114 Δ
474 1072 806 1138 Ηὲἰτιιωιῐροῑε
820 1085 916 1131 quae
931 1068 1272 1131 nequaquamin
1290 1064 1418 1130 petri
1432 1064 1660 1122 solidatur,
1679 1075 1999 1118 corruuntSo-
2063 1129 2065 1131 ι

474 1137 507 1183 li
523 1140 656 1202 igitur
667 1151 804 1181 rulnae
822 1132 988 1190 crescit,
1003 1134 1127 1198 quod
1141 1130 1490 1194 aedificant‚quia
1503 1146 1604 1177 ante
1621 1133 1785 1180 molem
1803 1131 1997 1189 fabricae.

477 1202 758 1250 Humilitatis
768 1199 1063 1247 fundamenta
1074 1215 1169 1246 non
1184 1211 1443 1264 procurant.
1489 1197 1633 1245 Fastus
1659 1204 1808 1264 itaque
1831 1206 1877 1248 &
1890 1203 1996 1250 elati

473 1267 647 1332 spiritus
662 1303 675 1323 ,
692 1285 741 1314 ex
753 1265 1104 1312 adolescentium
1118 1267 1275 1311 animis
1290 1264 1544 1309 excutiendi
1566 1263 1664 1313 sunt
1682 1300 1696 1324 ‚
1709 1282 1804 1314 non
1814 1264 1934 1318 secus
1945 1286 1997 1317 ac

477 1337 552 1382 ae't
565 1351 616 1382 ex
626 1331 813 1389 utribus,
829 1329 859 1377 fi
870 1331 983 1395 quid
999 1331 1106 1382 utile
1118 1333 1178 1384 eis
1192 1328 1297 1398 vesp
1310 1325 1561 1381 infundere.

1846 1874 2002 1924 Ardua
