2080 2854
520 61 1157 112 EMBLEMATA.'
1567 83 1630 131 97

77 148 251 198 tatione
277 157 420 193 retum
434 175 446 194 ,
474 142 529 188 ad
553 143 765 187 virtutem
785 140 1092 206 capessendam
1116 144 1311 201 excitati,
1329 145 1465 195 nimia
1481 148 1630 212 quiete

72 219 120 264 in
136 212 351 263 desidiam
367 205 539 255 resolvi.
579 208 634 251 Et
649 204 747 253 sane
764 211 997 271 negotium
1024 214 1209 259 nomine
1222 211 1472 268 horridum,
1488 217 1633 279 impe-

22 319 25 321 -
72 284 126 330 rii
145 280 261 326 illius
274 291 422 322 mores
434 276 480 318 in
495 270 573 318 suo
588 272 699 319 statu
716 277 967 330 continuit,
994 274 1168 324 blandae
1182 277 1492 342 appellationis
1506 283 1632 344 quies

75 346 276 413 plurimis
292 342 409 387 viriis
431 335 638 401 respetfit.
675 339 804 401 Quid
817 337 993 388 furores
1008 344 1158 407 saepius
1172 347 1287 390 intra
1300 349 1466 392 moenia
1480 379 1494 401 ,
1527 363 1608 408 pro
1622 372 1634 383 ·

74 413 240 460 vincias
253 441 268 465 ,
303 412 349 454 &
363 421 499 470 regna
514 408 714 468 peperit,
753 405 888 469 quam
904 411 1040 454 nimia
1050 408 1270 464 foelicitas,
1293 411 1510 474 nimisque
1530 411 1633 458 diu-

72 491 253 524 turnum
285 475 462 518 otium?
495 468 654 516 Asserit
678 471 767 516 hoc
792 474 1017 519 Romanis
1038 473 1120 520 suis
1149 479 1388 523 Romanus
1425 477 1630 539 scriptor3

73 544 198 603 Syria
210 542 352 605 prima
367 553 451 582 nos
464 538 581 583 vista
596 539 809 601 corrupit
822 571 834 587 ‚
870 554 977 583 mox
1003 538 1193 586 Afiatica
1213 543 1474 605 Pergameni
1491 545 1631 605 Regis

73 607 318 654 haereditas.
352 600 440 649 111ae
464 619 572 667 opes
602 617 736 666 atque
753 603 916 660 divitiae
932 602 1125 652 afflixere
1139 606 1272 652 seculi
1293 609 1431 653 nostri
1462 624 1630 663 mores,

73 669 350 734 mersamque
367 670 482 715 vitiis
497 668 580 714 suis
592 665 734 732 ,quafi
749 665 939 724 sentina,
969 671 1316 735 Rempublicam
1333 672 1630 738 pessundede-

71 755 135 785 re.
167 734 339 788 Nasica,
349 732 616 797 quibusdam
630 734 892 788 dicentibus,
910 752 978 781 res
990 739 1280 784 Romanasin
1299 754 1397 786 tuto
1410 736 1492 784 effe
1508 770 1520 787 ‚
1555 754 1629 783 ex-

71 805 225 851 tineus
243 798 666 864 Carthaginensibus
682 833 694 852 ‚
720 805 766 846 &
782 803 945 846 Graecis
959 805 1004 847 in
1019 802 1275 851 servitutem
1291 805 1480 851 redactis
1496 838 1507 858 ,
1542 807 1629 848 im-

73 869 152 915 mo
167 902 181 923 ,
218 868 377 930 inquit,
393 881 511 911 nunc
532 865 717 912 demum
732 868 776 911 in
791 865 967 912 summo
983 869 1181 933 periculo
1196 869 1343 916 sumus
1356 905 1366 925 ,
1389 870 1626 934 postquam

75 932 186 980 nulli
209 929 437 996 supersunt
459 929 529 977 vel
557 947 672 993 quos
694 933 929 978 timeamus
946 968 960 988 ,
984 933 1055 980 vel
1072 952 1352 983 revereamur
1377 955 1387 982 ε
1424 938 1626 982 Sentiens

76 1002 286 1045 inimicos
312 1013 390 1061 pet
417 993 702 1043 occasionem
730 995 864 1042 nobis
893 998 1023 1045 utiles
1040 998 1140 1055 effe,
1188 1019 1268 1066 per
1280 1018 1395 1066 quos
1413 1000 1628 1046 nonlicet

29 1091 32 1094 ·
79 1062 264 1130 impune
286 1061 521 1121 secure'que
537 1059 619 1107 esse
632 1060 976 1123 negligentibus.

301 1123 660 1186 QifiJuissecundis
668 1125 773 1169 rebus
785 1127 941 1170 exultat
952 1128 1083 1182 nimis,

303 1192 479 1250 fluitque
490 1191 601 1241 luxu,
609 1189 756 1250 semper
768 1187 918 1248 infinita
929 1205 1116 1253 appetens,

303 1263 414 1302 Hunc
425 1257 493 1300 ina
503 1269 645 1316 magna
659 1255 747 1299 dira
751 1256 912 1316 fortuna
922 1270 1039 1303 comes

305 1323 482 1381 Sequitur
491 1319 638 1372 Libido,
651 1334 726 1364 non
732 1320 886 1381 placent
890 1319 1002 1380 ficetae
1015 1323 1143 1385 dapes,

299 1394 392 1433 -.ron
405 1383 595 1445 teffafitni
609 1390 735 1437 moris,
749 1396 820 1430 aut
831 1387 917 1431 vilis
929 1387 1042 1436 cibus.

300 1459 337 1497 C
339 1466 386 1496 ur
396 1454 436 1496 in
444 1461 595 1511 penates
605 1461 732 1496 tenues
745 1451 871 1496 rarius
875 1452 980 1511 fiaebit

299 1524 384 1562 Haec
397 1517 577 1562 delicatas
587 1518 720 1578 eligens
726 1515 831 1578 pestis
849 1518 975 1563 domos
987 1522 1005 1563 ?

301 1581 518 1642 Curfitnc‘la
528 1585 662 1643 parvis
675 1582 825 1626 habitat
834 1584 875 1626 in
888 1585 991 1629 teblis
1004 1591 1124 1631 Venus

299 1649 544 1706 Mediumque
546 1647 658 1708 sanos
668 1649 799 1710 vulgus
812 1648 962 1709 affec'lus
973 1661 1074 1696 tenet
1088 1656 1104 1696 ?

77 1719 189 1767 Ideo
214 1708 388 1764 scilicet,
404 1714 508 1774 quia
526 1710 794 1775 improbum
808 1712 938 1758 istum
952 1731 1170 1772 amorem,
1188 1719 1235 1762 ὃς
1255 1713 1488 1763 libidinem
1505 1748 1516 1766 ,
1549 1732 1627 1780 per

76 1780 337 1850 improbum
349 1775 554 1822 laborem
569 1775 765 1824 excludit
781 1811 796 1832 ,

300 1845 424 1900 niv&
437 1844 640 1905 δὀἰξετὶα)
651 1843 748 1904 μέγ’
763 1845 896 1899 ὄφέὶλᾴ
907 1878 923 1899 ,
946 1843 994 1891 id
1005 1845 1080 1901 est,

79 1912 228 1962 Labor
238 1910 447 1956 virtutem
464 1907 591 1954 valde
599 1913 738 1968 juvat.
774 1910 814 1952 C
817 1923 997 1956 aeterum
1012 1910 1147 1956 talem
1158 1909 1361 1959 laborem
1376 1927 1470 1957 non
1482 1910 1628 1974 requi-

80 1997 192 2035 ram,
208 1972 384 2042 qualem
402 1971 612 2019 describit
626 1975 845 2018 Horatius
857 1976 902 2018 in
914 1974 1014 2020 Lib.
1029 1975 1173 2040 Epod.

308 2043 469 2088 Nullum
489 2036 514 2085 >z
534 2041 660 2084 labore
677 2053 734 2083 me
746 2040 907 2084 reclinat
916 2044 1055 2095 otium,

308 2115 425 2167 Vrget
437 2107 533 2151 diem
548 2121 639 2157 nox,
653 2106 702 2155 ά
712 2105 783 2149 dies
796 2109 952 2157 noblem,
964 2122 1081 2167 neque
1094 2106 1143 2167 est

305 2181 447 2217 Levare
462 2182 570 2215 tenta
575 2170 730 2230 spiritus
738 2171 938 2230 praecordia
950 2190 965 2216 :

87 2239 257 2285 Scimus
270 2233 380 2280 illud
398 2236 552 2280 Ovidii
566 2232 830 2279 verissimum
843 2230 950 2289 effe3

309 2308 335 2347 ί
347 2306 441 2346 ernis
455 2304 548 2345 utin
560 2301 663 2346 duris
680 2302 750 2353 (ζὲν
761 2302 853 2359 quid
863 2299 1141 2358 bovefirmiuse)
1153 2299 1255 2345 arvis

372 2367 501 2410 Fortia
516 2377 714 2411 taurorum
731 2380 881 2426 corpora
894 2367 1054 2427 frangat
1068 2379 1178 2425 opus„

311 2438 403 2493 Qae
415 2445 614 2489 nunquam
629 2447 748 2477 vacuo
754 2431 869 2491 solita
879 2429 926 2491 est
937 2431 1068 2493 ceffare
1089 2431 1234 2484 novali,

374 2496 563 2542 Fruc‘h'bus
577 2498 725 2557 assiduis
738 2497 829 2558 laffa
835 2496 985 2558 senescit
1000 2500 1148 2546 humus,
1558 2557 1582 2602 d

871 2561 919 2607 N
1465 2560 1553 2603 Occi
1582 2568 1631 2611 et,

1638 1836 1834 1881 phocylides.

1641 2291 1742 2325 Liba.
1756 2296 1804 2328 De

1644 2339 1758 2367 Ponto.
