2080 2854
554 77 1177 131 EM‘BLEMA‘TA.
1626 104 1653 145 7

313 165 535 217 Perpetuam
548 150 654 201 nulla?
668 167 899 204 temeratum
916 158 1010 203 nube
1015 157 1208 218 serenum.

83 223 205 271 Nam
233 219 305 266 illa
328 220 479 266 mundi
505 236 608 283 pars.
633 219 828 282 superior
853 228 899 269 &
917 223 1172 284 ordinatior
1188 257 1202 278 ,
1236 225 1552 278 necinnubem
1569 246 1654 276 co-

76 290 223 351 gitur,
250 302 330 332 nec
358 288 402 331 in
429 285 734 346 tempestatem
773 286 1026 352 impellitur.
1057 289 1256 336 'Eodem
1286 292 1430 339 modo
1453 293 1650 341 sublimis

7 364 9 368 “
73 351 148 398 ille
163 354 357 404 animus,
391 352 566 412 quietus
595 348 763 414 semper
791 357 835 398 &
862 357 906 397 in
922 354 1109 399 statione
1130 355 1364 420 tranquilli
1381 357 1644 415 collocatus,

74 415 325 468 modestus,
368 413 695 461 venerabilis&
721 416 997 481 compositus
1025 417 1101 464 est.
1149 423 1298 468 Venio
1324 423 1381 470 ad
1417 424 1804 472 Honores.³0⁰0¹=⁵

73 497 190 546 quos
220 480 355 544 quam
392 477 516 526 facile
546 478 598 525 fit
620 482 817 544 Sapienti
854 498 1145 529 contemnere
1168 486 1348 533 testatus
1375 490 1434 534 est
1466 492 1645 554 Dioge-
1657 475 1876 500 contemnens.

71 563 167 600 nes,
185 548 263 609 qui
276 543 434 591 maluit
446 547 492 589 in
508 543 636 591 dolio
650 546 727 592 suo
745 545 933 594 volutari
944 547 1080 612 quam
1095 546 1343 600 Alexander
1359 551 1439 601 effe
1457 573 1470 603 ε
1508 557 1646 604 Scivit

72 612 262 668 scilicet5

296 683 464 739 Regnum
479 678 530 727 (φ
544 677 745 723 Diadema
756 689 885 725 tutum

75 741 216 790 solam
226 737 397 788 deferre
407 742 618 786 virtutem
635 760 648 795 ς

298 807 440 866 ,Quum
453 819 584 854 tamen
594 810 760 855 invitam
776 805 914 854 blande
923 808 1096 874 vestigat,
1111 814 1162 865 ά
1172 810 1276 861 κᾶν-ὸ
1661 826 1769 861 claud.

311 872 444 918 Ambit
460 875 587 925 honos,
604 874 729 919 docuit
742 870 880 919 toties)
891 889 977 920 rure
989 880 1174 940 profet'tuc

296 939 437 989 ιὶὲῖον,
452 940 501 987 &
514 941 554 981 in
568 941 698 984 mediis
713 938 850 998 Consul
861 939 1023 1000 quaefitus
1035 945 1194 988 aratris.

74 1004 285 1065 Denique
322 1006 341 1058 (
355 1001 485 1063 quod
497 998 599 1047 fons
622 1002 682 1047 est
709 1001 1022 1058 Emblematis)
1040 1009 1296 1070 Sapientem
1313 1004 1395 1053 effe
1415 1020 1565 1053 totum
1594 1023 1645 1053 ex
1657 1019 1702 1048 Ex
1715 1013 1831 1059 sepen-

18 1112 21 1114 .
70 1067 113 1115 se
130 1082 284 1132 aptum
301 1099 313 1119 ,
351 1082 401 1111 ex
423 1063 462 1111 se
476 1067 747 1127 pendentem
765 1102 776 1121 ,
801 1073 845 1113 &
863 1066 989 1131 supra
1004 1072 1249 1117 Fortunam
1268 1089 1281 1124 ς
1313 1076 1463 1136 paucis
1475 1089 1558 1136 pro
1577 1059 1742 1118 medens.

74 1131 260 1181 docebit
282 1133 536 1194 Epidietus:
558 1134 681 1176 Sicut
705 1132 880 1194 Jupiter
914 1131 1059 1179 secum
1082 1136 1143 1181 est
1169 1150 1302 1198 atque
1329 1140 1444 1200 agit,
1474 1143 1519 1184 δε
1542 1139 1587 1181 in
1607 1136 1648 1182 se

74 1196 337 1262 acquiescit,
376 1193 624 1256 fruiturZJue
646 1198 999 1259 cogitationibus
1021 1200 1061 1244 se
1093 1199 1261 1263 dignisz
1295 1203 1366 1246 Sic
1395 1208 1439 1248 ὃ(
1467 1205 1652 1266 Sapiens

75 1260 267 1327 fibiipse
291 1256 449 1305 sufficit
471 1265 515 1305 &
535 1257 680 1305 secum
706 1258 787 1305 esst:
807 1261 953 1323 potest
975 1296 988 1315 ,
1029 1261 1278 1327 fruiturque
1301 1268 1485 1329 puriore
1512 1265 1580 1312 1113
1601 1272 1651 1313 δε

76 1328 335 1376 sublimiore
361 1325 680 1380 meditatione3
731 1323 1070 1387 quafoelicitate
1105 1329 1382 1387 (secundum
1404 1334 1645 1389 Senecam)

75 1393 197 1440 nulla
222 1394 326 1438 Deo
351 1390 410 1435 est
436 1393 641 1453 propior.
678 1390 821 1437 Ροιϊὸ
845 1408 945 1436 cum
963 1411 1064 1439 vera
1087 1399 1427 1459 magnanimitas
1451 1396 1653 1459 atquel-i-

74 1458 223 1506 bertas
238 1452 412 1503 duabus
434 1454 710 1519 potissimum
737 1456 868 1502 rebus
890 1459 1082 1515 constet;
1119 1463 1164 1505 in
1186 1463 1521 1509 contemnendis
1544 1460 1649 1507 cum

75 1524 295 1591 prosperis
320 1535 414 1566 tum
439 1519 656 1573 adverfis3
695 1525 793 1582 quis
819 1522 907 1567 hoc
932 1525 1088 1571 melius
1114 1527 1259 1590 potest
1281 1527 1416 1590 quam
1435 1529 1646 1592 Sapiens?

75 1594 154 1654 qui
181 1603 328 1636 totum
358 1589 560 1632 Fortuuae
579 1603 764 1651 regnum
776 1585 990 1651 despicit,
1025 1587 1071 1638 δε
1095 1593 1298 1641 animose
1319 1610 1423 1641 cum
1445 1595 1644 1639 Horatio
1655 1618 1662 1624 ν·

76 1654 305 1707 exclamat,
323 1655 567 1698 Fortunam

271 1719 400 1767 Laudo
413 1718 692 1779 mamntem‚fi
703 1717 833 1764 celeres
845 1721 977 1778 quatit

268 1795 426 1837 Pennas3
455 1784 593 1846 refi'gno
604 1799 680 1843 que
693 1784 812 1835 dedit,
827 1786 876 1833 ὠ
887 1777 977 1832 meti

318 1853 468 1898 Virtute
478 1864 536 1895 me
550 1850 715 1896 involvo.r
728 1848 960 1911 probamque

362 1907 672 1977 Pauperiemst'ne
683 1915 766 1959 dote
779 1929 907 1974 quaro.

78 1975 339 2025 Habeamus
361 1994 522 2041 aquam
539 1984 585 2026 δε
608 1977 856 2042 polentam,
873 1985 919 2027 δε
934 1979 1041 2042 Jovi
1053 1977 1131 2045 ipsi
1145 1979 1199 2028 de
1210 1977 1442 2033 foelicitate
1456 2001 1638 2033 movea-
1650 1999 1774 2031 seneca„
1793 2019 1797 2023 .

76 2059 174 2089 mus
187 2041 551 2090 controversiam.
589 2046 688 2107 Age
704 2059 823 2088 nunc

297 2113 452 2162 Serviat,
468 2121 586 2168 atque
599 2124 710 2153 novos
720 2120 875 2154 moveat
886 2117 1056 2153 Fortuna
1067 2111 1269 2164 tumultus,

299 2175 520 2236 Quantum
535 2177 619 2219 hinc
633 2176 865 2219 tmminuet?

42 2267 52 2275 -
82 2241 126 2285 Ο
153 2254 305 2283 muros
329 2255 446 2300 quos
468 2238 788 2283 construendos
811 2239 856 2280 in
881 2237 1016 2279 animi
1045 2236 1179 2282 nostri
1203 2238 1391 2285 sensibus
1427 2242 1664 2290 monebat:

78 2303 358 2349 Antisthenes
377 2302 493 2348 nullfi
513 2305 554 2348 vi
580 2301 906 2366 expugnabiles,
946 2301 1100 2362 Qam
1117 2302 1204 2349 alta
1216 2304 1288 2351 hic
1321 2322 1330 2360 (
1356 2303 1442 2351 fine
1467 2309 1552 2369 qua
1576 2312 1646 2354 ni-⁴

72 2368 135 2413 hil
153 2366 305 2428 dulce)
326 2364 556 2413 securitas?
585 2371 794 2432 Qantus
807 2366 877 2411 hic
893 2363 1116 2411 tollendus
1132 2368 1248 2423 risus,
1259 2370 1424 2433 quanta
1438 2372 1647 2436 volupta-

77 2449 120 2479 te
138 2430 391 2496 implendus
402 2436 573 2478 animus
585 2449 634 2477 ex
652 2433 730 2477 hfic
748 2430 932 2477 sublimi.
949 2435 994 2477 ὃς
1017 2429 1109 2477 tuta
1131 2451 1228 2480 arce
1242 2437 1665 2502 contemplanda-ms

78 2497 269 2545 aliorum
283 2514 468 2550 errores,
482 2495 601 2542 suam
617 2513 765 2543 autem
778 2499 994 2559 quietem.

302 2573 391 2610 Non
402 2567 493 2625 quia
508 2567 644 2612 vexari
655 2579 872 2627 quenquam
887 2562 938 2625 est
941 2564 1115 2624 jucunda
1130 2568 1297 2632 voluptas
1313 2605 1315 2608 -
1657 2586 1802 2617 Lucxee:

1568 2635 1643 2681 Sed
1656 2636 1665 2674 ε’
