2080 2854
533 60 1131 107 EMBLEMAT'A
1524 63 1656 119 ³55'

301 140 426 188 Iudice
437 154 562 187 nocens
572 139 672 203 absol
675 142 776 187 vitur
801 141 966 202 improba
974 145 1145 200 quamvis

304 207 575 270 Gratiaefaeuaci
594 210 756 252 Praetoris
770 207 896 253 vicerit
911 205 1013 253 urnd
1079 229 1085 235 ·
1127 248 1133 258 ,

81 269 309 324 νοῐίΠῑωὲ
324 269 450 317 Plato
461 269 692 330 dxinffl&
705 273 744 320 σθ
757 275 913 323 oleant&
939 274 960 324 ἦ
981 269 1173 334 Dymaion,
1187 269 1233 317 id
1247 268 1324 324 est,
1336 284 1592 333 cognatum,

82 336 436 387 immbinnatum
451 334 734 384 omnisceleri
749 335 911 384 sceleris
923 336 1192 403 supplicium.
1223 333 1374 381 Iuffisti
1389 337 1589 382 Domine
1608 354 1678 388 Lib,
1697 365 1725 388 x.
1748 359 1838 388 coa--

76 411 101 468 (
115 405 254 469 inquit
266 401 550 466 Augustinus)
566 408 612 450 &
630 400 685 450 fic
695 404 823 455 est.ut
839 420 971 468 poena
986 403 1035 451 fit
1050 405 1198 450 omnis
1209 400 1483 449 inordinatus
1495 402 1588 447 ani·
1603 398 1670 436 feff.

4 466 10 473 ’
80 480 195 520 mus.
260 470 380 532 Qis
394 484 541 516 autern
554 485 651 515 eam
665 469 804 518 solum
822 472 1101 533 punitionem
1114 467 1284 516 censeat
1297 500 1310 522 ,
1341 485 1437 530 quae
1452 470 1595 514 incur·
1612 485 1718 530 Ligna
1729 482 1839 519 const.

83 538 195 584 :itin
207 533 364 581 oculos
375 567 390 590 ,
420 551 554 598 quarn
571 533 873 598 corpusculum
890 534 978 582 hoc
991 533 1106 583 subit
1121 540 1142 580 ἓ
1168 535 1277 581 Non
1289 533 1376 590 est3
1410 534 1597 580 Externa

87 601 165 650 ista
177 601 327 647 omnia
339 599 493 648 leviter
503 604 640 648 necin
654 601 840 666 longum
854 617 937 647 nos
952 616 1131 666 angunt.
1194 598 1261 646 Ut
1274 601 1445 662 gravius
1459 616 1601 662 aegto-

75 683 182 715 -tate
198 665 445 728 judicantur
456 702 469 720 ,
493 669 570 732 qui
587 668 688 715 tabe
717 683 793 716 aut
816 682 1014 714 marcore
1039 666 1268 719 laborant,
1298 663 1431 727 quzim
1444 668 1520 728 qui
1535 667 1602 709 in-

92 732 398 780 flammatione
409 730 563 797 aliqufi,
578 750 652 782 aut
667 731 776 781 febri
789 766 803 789 ‚
832 737 877 780 δε
894 747 1042 780 tamen
1053 733 1143 779 haec
1156 731 1294 794 magis
1306 745 1532 794 apparent:
1548 728 1604 776 fic

94 801 139 844 in
155 800 354 862 graviore
368 814 501 861 poena
513 798 725 864 improbi,
735 801 809 863 qui
823 797 944 846 lento
958 798 1034 847 illo
1047 796 1165 864 passu
1179 795 1397 843 ducuntur
1412 794 1469 842 ad
1483 810 1605 843 aetet·

95 880 199 910 nam
211 862 326 910 illam
356 879 547 913 mortem
564 899 576 911 .
639 866 765 913 Novi
774 863 871 911 sun't
882 866 1019 920 Titii,
1054 869 1176 925 jecut
1194 859 1415 908 renascens
1436 860 1473 908 se
1481 878 1521 906 m
1528 876 1605 924 pet
1648 893 1651 895 -

94 930 178 976 suae
193 929 360 976 torttici
376 928 461 982 aliti
469 929 759 995 suppeditant,
775 931 897 994 quod
908 931 966 977 ita
977 927 1142 983 feritur,
1157 943 1206 975 ut
1217 925 1400 975 sentiant
1410 924 1450 973 se
1464 929 1578 973 mori
1593 943 1605 970 ι

101 997 147 1042 O
165 993 365 1043 miserum
379 998 456 1062 qui
471 996 571 1046 huic
584 996 718 1060 judici
735 995 944 1054 traditum
971 998 1048 1061 qui
1060 997 1193 1046 toties
1206 994 1392 1042 moritur
1405 1025 1423 1052 ‚
1449 996 1496 1041 &
1512 1008 1605 1041 non

31 1078 34 1080 ’
97 1063 299 1111 motitur.

805 1657 849 1704 V
878 1670 909 1702 2
1534 1657 1614 1704 Sa·
