2080 2854
86 377 247 422 Tragicus.

99 821 175 852 Stat

107 1737 231 1766 Retron.

325 58 389 111 3⁰
671 41 1050 86 Pronum-11
1093 32 1600 82 S-cuoonnovu

326 123 464 171 santia
478 119 621 168 statim
637 155 650 172 ,
678 123 726 166 &
734 122 932 178 juventa,
949 111 1183 176 omnisque
1197 128 1298 160 aetas
1325 110 1452 163 ferat.
1492 116 1647 179 Agunt
1668 109 1924 181 opus'suuni

328 188 437 242 f‘ata,
453 186 586 232 nobis
598 182 768 231 sensum
787 180 946 226 nostrae
966 181 1086 225 necis
1109 176 1344 236 auferunt,
1371 195 1557 243 quoque
1589 177 1762 228 facilius
1787 180 1924 246 obre-3

330 268 407 317 pat
426 269 566 307 mors,
588 246 779 313 sub-ipso
796 248 894 293 vitae
911 245 1095 291 nomine
1110 242 1234 290 latet.
1895 242 1900 245 '

593 316 798 378 Nascentes
811 315 1022 361 morimur,
1049 309 1212 372 finisc'lue
1232 311 1281 356 ab
1291 313 1434 374 origine
1445 314 1595 374 pendet.

334 385 545 446 Etprima
571 397 669 444 quae
697 382 834 426 vitam
856 375 983 424 dedit
1009 375 1123 421 hora
1144 373 1317 439 carpsit.
1354 379 1461 422 Haec
1485 394 1628 441 quum
1654 377 1716 425 ita
1737 375 1821 426 sese
1840 376 1926 425 ha:

335 447 468 494 beant
489 462 627 509 quum
655 442 876 491 tantulum
916 439 970 486 fit
999 440 1124 504 quod
1156 443 1373 495 vivimuS,
1418 445 1595 504 quantis
1627 457 1778 491 tamen
1807 443 1928 492 illud.

333 510 717 576 circumscriptum
734 511 793 557 est
809 507 1016 572 angustiis
1038 518 1051 552 ἓ
1092 508 1307 553 Sexcenta
1328 506 1599 559 morborum
1626 525 1788 573 genera
1802 526 1927 573 quo-

334 575 692 628 tidieinfestant,
732 575 1058 639 necpauciores
1079 571 1458 636 impetuntcasus,
1505 579 1551 621 δε
1576 578 1739 625 ruinae,
1785 590 1924 621 vene-

333 661 409 698 na,
424 640 703 709 naufragium
721 672 734 692 ‚
765 639 908 705 lapsus
923 672 937 694 ,
973 636 1144 684 fulmen
1161 671 1175 692 ‚
1214 643 1262 685 ὅ(
1282 637 1392 701 quid
1420 650 1542 686 non?
1575 641 1651 687 Ait
1674 656 1771 688 non
1790 637 1927 689 falsus

334 714 497 767 Vates,

630 775 742 838 Qid
761 772 926 834 crastina
955 772 1116 818 volverit
1143 780 1232 816 aetas

628 845 731 886 Scire
747 841 851 900 nefas
873 839 1031 883 homini.

345 907 399 951 Et
418 907 683 969 Lyricorum
715 906 926 966 Princeps
945 934 957 954 ,

630 971 799 1031 ‘Quzslfit
821 971 994 1029 futurum
1010 981 1207 1026 nunquam
1224 965 1476 1027 hominifhtis

634 1046 812 1082 cautum
835 1037 887 1079 es'}
920 1034 959 1076 in
994 1032 1130 1083 horas,
1168 1034 1307 1077 navita
1329 1033 1565 1094 Bosphorum

755 1096 1142 1159 Poenmvperhorrefiit
1158 1129 1169 1148 ‚
1198 1112 1314 1156 neque
1330 1092 1437 1144 ultrei

919 1173 1030 1208 Coeoa
1054 1166 1175 1207 timet
1209 1165 1362 1208 aliunde
1385 1166 1521 1226 fatat.

635 1229 917 1292 Milesfhgittas
932 1260 943 1280 ‚
968 1231 1018 1277 ἔφ’
1049 1230 1203 1272 celerem
1212 1229 1355 1289 fugam

638 1299 801 1347 Parthi,
817 1295 971 1355 fizgittas
988 1295 1150 1338 Parthus
1167 1294 1374 1342 &Italum

762 1361 887 1406 Robur
902 1389 915 1408 ,
937 1357 1006 1418 sed
1022 1358 1226 1419 improvisa
1237 1359 1331 1403 lethi

924 1427 990 1471 Vis
1019 1427 1147 1484 rapuit
1180 1426 1378 1483 rapietque
1383 1433 1525 1484 gentes.

344 1485 494 1539 Alium
515 1488 628 1534 acini
650 1504 835 1552 granum
853 1485 1115 1551 glutientem
1132 1520 1145 1540 ‚
1180 1484 1446 1532 suffocatum
1470 1484 1740 1550 accipimus,·
1771 1484 1926 1533 Alium*

342 1571 477 1618 potus
491 1571 590 1599 cum
616 1553 730 1599 lacte
745 1552 858 1618 pilus
883 1551 1183 1615 strangulavit.
1248 1551 1374 1597 Illum
1402 1550 1644 1597 Bellantem
1662 1551 1927 1598 armafdecip

342 1625 486 1683 piunt.
535 1618 662 1664 I'lum
680 1621 779 1664 Diis
794 1632 895 1664 vota
925 1618 1189 1664 reddentem
1210 1618 1420 1664 penatum
1446 1617 1624 1663 suorum
1652 1620 1776 1662 ruina
1800 1615 1926 1681 sepe-

345 1685 409 1729 lit.
459 1684 532 1729 Ille
550 1679 755 1730 vehiculo
774 1682 915 1747 lapsus
937 1699 1249 1748 properantem
1267 1682 1465 1748 spiritum
1495 1680 1686 1729 excuffit.
1744 1685 1788 1728 Si
1807 1681 1926 1730 bene

347 1748 567 1795 calculum
595 1766 759 1813 ponas,-
800 1748 967 1812 ubique
993 1767 1116 1795 mors
1136 1749 1290 1813 praesto
1312 1750 1387 1795 est,
1456 1751 1510 1794 Et
1536 1763 1687 1793 tamen
1718 1764 1804 1793 nos
1831 1748 1926 1794 hoe

347 1813 510 1861 animal
527 1814 671 1860 sumus
688 1816 838 1877 ‚qnod
852 1830 1003 1861 tantos
1028 1815 1214 1860 molitur
1227 1814 1475 1867 tumultus,
1512 1812 1720 1876 cujusque
1750 1813 1927 1878 cupidi..

349 1879 597 1926 tatibushic
613 1878 736 1924 orbis
749 1880 970 1943 angustus.
1036 1883 1177 1940 Cujus
1201 1883 1262 1925 rei
1278 1878 1560 1925 clariffimum
1577 1877 1797 1943 specimen
1813 1896 1928 1944 prae-

350 1945 448 1991 buit
483 1945 743 1993 Alexander.
779 1948 857 2008 qui
898 1942 1176 2010 Philosopho
1205 1946 1407 2008 quodam
1434 1945 1489 1991 de
1518 1942 1719 2007 pluribus
1743 1945 1927 1993 mundis

348 2008 578 2058 differente
593 2007 779 2074 plorass'e
793 2012 955 2056 dicitur
971 2045 982 2061 ,
1015 2011 1144 2072 quod
1159 2027 1296 2056 unum
1314 2026 1485 2056 tantum
1513 2008 1760 2074 subegisset,
1776 2010 1928 2074 eoque

346 2074 519 2122 insaniae
535 2076 716 2122 tandem
730 2077 922 2127 devenit,
947 2090 995 2121 ut
1017 2077 1140 2122 Deus
1154 2075 1364 2141 appellari
1390 2074 1597 2123 voluerit.
1637 2078 1681 2122 O
1696 2076 1927 2140 turgidum

349 2144 569 2206 putrentis
598 2143 758 2187 vermis
779 2147 962 2187 votum!
999 2140 1221 2187 nesciebat
1245 2140 1406 2188 scilicet
1422 2140 1460 2187 se
1485 2140 1653 2207 sperma
1674 2138 1888 2189 foetidum
1905 2175 1923 2199 ‚

349 2206 523 2253 saccum
541 2207 781 2252 stercorum
798 2241 808 2256 ,
834 2205 998 2252 animal
1020 2207 1216 2270 denique
1231 2204 1314 2253 effe
1336 2209 1564 2270 ἡμεξόβιον,
1589 2209 1660 2253 cui
1677 2210 1774 2254 vitae
1796 2224 1928 2255 men-

350 2273 445 2318 sura
459 2271 567 2318 dies.
614 2271 702 2318 Sed
720 2272 828 2332 quid
851 2272 939 2317 hoc
960 2275 1005 2317 in
1025 2271 1279 2319 Alexandro
1303 2271 1552 2319 Monarcha
1579 2276 1720 2319 totius
1748 2277 1928 2320 univer-

321 2362 326 2366 ·
349 2337 381 2383 fi
411 2340 651 2383 miramur?
691 2338 811 2382 Cum
838 2340 952 2382 inter
972 2352 1042 2382 tot
1070 2341 1273 2385 Fortunae
1298 2337 1512 2401 obsequia
1532 2355 1690 2401 parum
1711 2337 1857 2385 sobria
1870 2335 1935 2385 fit

351 2401 629 2449 mortalitem?
673 2404 722 2446 In
747 2419 832 2448 nos
858 2401 1202 2458 descendamus,
1232 2404 1353 2450 idem
1388 2409 1433 2450 δε
1455 2403 1590 2450 nobis
1623 2402 1781 2466 objicii
1801 2401 1934 2469 poffe*

351 2470 697 2532 comperiemus.
775 2471 965 2526 Qlanto
983 2467 1126 2515 studio
1144 2503 1157 2523 ,
1184 2483 1434 2532 quantaque
1462 2468 1928 2516 contentione-miselli
1988 2493 1994 2500 ·

350 2533 678 2583 homunciones
706 2530 876 2582 honori
901 2539 946 2585 δε
968 2532 1210 2584 ambitioni
1232 2532 1507 2586 velificamur
1531 2547 1545 2585 ἓ
1580 2534 1718 2603 quim
1747 2533 1928 2611 solliciti

1802 2632 1805 2635 -
1875 2614 1935 2649 m
