2080 2854
511 89 1153 147 ΕΜΒιιΜΑΊ-,Αζ
1539 109 1635 159 103,

55 171 192 222 (tellit.
230 166 467 232 Qamdiu
484 165 719 213 videbatur
734 164 878 214 furere
897 170 1228 219 Democritus?
1250 167 1333 215 Vix
1348 170 1514 233 recepit
1538 174 1624 218 So-

57 253 226 287 cratem
239 232 378 280 fama.
416 233 650 292 Quamdiu
668 234 894 279 Catonem
910 233 1062 280 civitae
1079 235 1318 302 ignoravit,
1337 232 1517 298 respuit,
1534 252 1618 282 nec

55 302 274 351 intellexit
301 295 377 343 nifi
405 314 506 343 cum
522 297 734 360 perdidit.
756 300 994 345 Enimvero
1011 298 1069 345 fic
1081 301 1176 348 sunt
1191 300 1413 352 homines,
1430 299 1615 362 praesen-

57 373 118 417 tia
131 363 549 426 invidia,praeterita
562 365 848 411 veneratione
867 365 1211 428 prosequuntur.
1259 365 1407 427 Quod
1425 370 1468 411 &
1491 368 1620 426 Lyri-

59 450 134 483 cus
149 429 289 479 asserit
307 465 319 482 ,
852 490 856 491 ⁷

283 496 477 543 Virtutem
495 494 721 538 incolumem
737 494 898 546 odimus,

278 559 484 605 Sublatam
496 575 544 604 ex
558 559 670 602 oculis
683 561 878 618 quarimus
892 559 1030 607 invidi.

60 630 199 676 Vivos
212 623 435 670 interdum
464 626 657 668 Fortuna
669 654 683 674 ‚
704 619 811 685 saepex
828 623 991 669 invidia
1001 619 1080 667 fati
1098 617 1270 685 fatigat,
1287 621 1363 667 ubi
1377 626 1524 670 anima
1536 641 1612 670 na·
1627 624 1755 657 cicero.

57 690 164 739 turae
183 688 301 736 ceffit
316 725 326 741 ,
353 689 547 753 demptis
575 685 1012 744 obtretftationibus‚
1034 684 1124 750 ipsa
1139 684 1179 732 se
1198 689 1331 735 virtus
1361 693 1502 755 magis
1516 706 1611 735 ma-

54 755 206 822 gisque
221 751 406 802 extollit.

278 843 370 855 —--
385 821 535 865 Diram
549 820 614 879 qui
628 819 797 865 contudit
811 819 986 883 Hydram
1628 821 1787 854 Horatius.

228 926 230 928 ,
283 893 460 944 Notaque
471 885 591 942 fatali
600 896 774 945 portenta
787 885 913 930 labore
924 883 1085 946 subegit,

286 951 478 1011 Comperit
488 950 677 995 invidiam
685 950 859 1012 supremo
864 948 945 1007 fine
958 950 1111 995 domari
1124 966 1137 1003 ς
1202 944 1209 957 ⁸

61 1012 172 1061 dum
187 1010 348 1060 scilicet
364 1016 452 1077 igni
476 1011 734 1069 Gtaec‘anico
756 1012 921 1059 coelum
949 1009 1259 1073 assequeretur.
1300 1014 1366 1060 Ita
1391 1012 1508 1060 certe
1533 1013 1611 1068 est,

23 1104 26 1108 ·
59 1081 230 1143 Lippus
250 1081 384 1126 Livor
404 1077 652 1141 longinqua
675 1094 771 1124 non
786 1079 968 1143 aspicit,
1002 1076 1230 1142 praesentia
1256 1076 1441 1142 oblique
1468 1082 1612 1125 intue-

61 1157 162 1199 ταῖς

282 1232 373 1247 --
386 1216 465 1254 Nos
473 1207 666 1268 nostraque
678 1204 812 1254 lividus
826 1209 921 1259 odit,

282 1298 373 1312 .--
386 1281 432 1317 Et
446 1273 513 1330 nili
523 1276 589 1332 qui
603 1280 712 1318 terris
720 1274 935 1332 summota,
941 1269 1092 1330 suifilue

284 1337 522 1398 Temporibus
531 1338 707 1400 defune‘la
719 1338 838 1396 videt,
846 1336 1000 1399 fastidit
1017 1337 1068 1384 ῥ’
1079 1337 1159 1381 odit
1174 1355 1188 1382 .·

59 1401 189 1464 eique
204 1412 380 1447 tantum
395 1400 602 1447 homines
617 1399 875 1466 magnisunt
912 1404 990 1459 (ut
1007 1401 1149 1471 Poeta
1164 1399 1402 1465 loquitur)
1427 1416 1615 1467 propter
1662 1457 1665 1460 Ι

59 1464 181 1512 mille
203 1481 357 1515 annos,
394 1469 607 1512 Attamen
636 1470 755 1513 viros
772 1464 875 1512 illos
890 1465 1092 1519 illustres,
1119 1472 1164 1513 &
1183 1469 1229 1512 in
1257 1466 1508 1531 exemplum
1534 1483 1613 1513 na-

59 1545 150 1585 tos,
165 1530 220 1576 ab
237 1530 424 1578 heroico
441 1530 518 1577 suo
535 1531 770 1597 propofito
785 1547 965 1578 movere
982 1547 1075 1576 non
1091 1529 1244 1584 debet,
1270 1534 1344 1581 sed
1362 1534 1513 1596 potius
1529 1531 1607 1592 ὅλῳ

59 1598 172 1649 ποδὶ,
198 1595 243 1642 id
258 1597 316 1643 est
340 1612 439 1645 toto
455 1599 583 1662 pede,
602 1596 806 1645 adversus
821 1596 945 1643 illum
973 1596 1177 1643 standum
1196 1598 1279 1653 est3
1313 1615 1369 1644 ne
1392 1613 1607 1660 tanquam

57 1660 272 1712 Scarabaei
301 1662 459 1709 umbra
490 1668 574 1720 (ut
589 1664 706 1709 estin
718 1662 914 1727 Adagio)
931 1679 1015 1708 nos
1036 1677 1196 1709 terreat
1217 1681 1374 1728 parum
1395 1677 1606 1710 attentos.

58 1728 177 1773 Sciat
188 1726 395 1789 quilibet,
411 1727 580 1774 nullum
593 1729 712 1776 reste
726 1726 896 1775 faotum
908 1731 953 1773 in
968 1727 1044 1774 haic
1059 1727 1144 1774 vitii
1160 1732 1341 1793 praemio
1358 1746 1516 1782 carere,
1531 1746 1607 1775 cu·

56 1796 123 1851 jus
140 1789 426 1856 (sapientibus
439 1792 605 1857 placet)
629 1793 697 1843 vel
722 1793 966 1842 uberrimus
978 1791 1147 1841 frustus
1164 1795 1241 1850 est,
1258 1792 1416 1850 fecisse,
1435 1800 1480 1842 δε
1498 1799 1542 1840 in
1554 1785 1627 1840 fi-⁸

57 1855 201 1903 lentio
227 1858 491 1912 meminisse3
504 1863 626 1922 Qia

189 1921 194 1926 ⁸
284 1929 507 1974 —Virtus
514 1929 678 1987 pretium
689 1924 775 1985 fibi,
779 1924 933 1986 fidaque
947 1922 1029 1971 late
1628 1931 1737 1965 Claud-

283 1990 589 2051 Fortunaefiecura
611 1993 719 2042 nitet,
736 1991 971 2051 necfafiibus
979 1994 1060 2036 ullis

285 2057 467 2118 Erigitur,
478 2055 658 2116 plausuve
668 2057 763 2116 petit
773 2055 969 2114 clarescere
982 2056 1104 2116 vulgi,

282 2123 353 2166 Nil
365 2128 436 2182 opis
448 2132 603 2166 externa
618 2122 777 2181 cupiens,
792 2122 847 2163 m'l
860 2120 988 2181 indiga
1000 2119 1136 2172 laudis,

282 2189 441 2231 Divitiis
450 2185 618 2244 animosa
624 2185 718 2246 fiiis,
735 2187 971 2243 immotaque
982 2189 1120 2229 cunctis

286 2251 459 2311 Casibus,
471 2267 519 2296 ex
531 2251 614 2297 altri
630 2251 812 2296 mortalia
822 2249 970 2311 despicit
983 2264 1084 2294 arce.

46 2309 292 2359 -Mimailla
308 2315 430 2376 apud
445 2317 685 2360 Horatium
700 2352 709 2367 ‚
726 2327 992 2378 contempto
1010 2310 1305 2357 multitudinis
1326 2327 1605 2378 contemptu,

59 2376 159 2423 satis
177 2376 370 2422 habebat
392 2382 584 2441 equitem
602 2378 681 2424 sibi
697 2379 920 2442 plaudere.
959 2380 1012 2422 Et
1028 2376 1113 2422 alte
1138 2393 1187 2421 ac
1203 2376 1412 2440 generose
1428 2377 1499 2424 ille
1526 2397 1598 2424 ex-

58 2443 245 2488 clamat:
282 2445 394 2488 Satis
417 2444 522 2488 mihi
549 2448 677 2506 pauci
703 2446 919 2496 latores,
954 2441 1050 2488 satis
1074 2443 1132 2488 est
1156 2458 1266 2487 unus
1286 2476 1298 2495 ‚
1334 2443 1429 2489 satis
1444 2443 1604 2489 nullus.

60 2506 258 2554 Volebat
284 2507 353 2552 hic
382 2508 707 2554 cordanffimus
719 2512 798 2561 vir,
815 2510 1000 2571 gloiiam
1015 2506 1160 2570 sequi,
1194 2524 1288 2553 non
1301 2512 1467 2572 appeti3
1500 2526 1602 2562 nec,

59 2571 93 2620 fi
108 2571 372 2636 casualiquo
401 2590 493 2621 non
516 2572 767 2638 sequeretur
786 2606 799 2630 ,
834 2574 1003 2620 idcirco
1020 2574 1144 2636 quod
1167 2571 1356 2638 gloriam
1372 2589 1602 2626 meruerat,

501 2652 504 2655 ·
1461 2654 1605 2685 nimus
