2080 2854
148 576 269 605 Sennea.

143 1001 226 1036 vell.
238 1003 295 1034 Pa-

142 1054 217 1077 tere.

149 1685 276 1714 Ennius.

147 1875 253 1906 Hom.

362 103 433 131 20⁷
643 76 1601 124 Frontem-ruscnoonuovu

360 164 524 209 ducere
546 167 783 209 conantur,
808 154 1076 220 negligitur3
1110 156 1328 216 quoniam
1356 155 1536 217 quidem
1559 150 1659 215 ipfis
1672 152 1930 202 volumini--

363 228 446 274 bus
462 227 648 271 nomina
661 221 732 268 sua
745 221 980 286 diligenter
995 220 1223 280 adjiciunt,
1238 235 1287 266 ut
1299 221 1428 283 quod
1438 237 1489 284 pr
1497 217 1713 265 ofeffione
1725 218 1918 274 elevant,

363 290 647 355 usurpatione
674 290 902 333 memoriae
917 283 1258 348 consequantur.
1294 289 1446 348 Qam
1461 288 1702 331 vanitatem
1716 288 1933 331 omnium.

363 354 739 420 Philosophorum
752 350 1040 399 divinissimus
1055 357 1259 396 Socrates
1273 367 1408 414 quam
1423 351 1596 415 optime
1611 347 1772 397 derifit:
1800 352 1938 397 Cum·

369 425 487 468 enim
515 420 796 466 Antisthenes
815 419 1010 478 Cynicus
1024 415 1205 479 pallium
1219 415 1405 462 haberet
1421 416 1663 478 pertusum,
1681 416 1818 478 idque
1835 415 1922 461 ob-

362 502 536 534 vertens
562 483 983 530 fiffuramomnibus
1005 479 1483 546 daretinspiciendam5
1518 479 1799 527 Perfiffutam
1817 514 1828 530 ,
1852 484 1926 526 in.

362 556 459 615 quit
484 550 602 615 pallii
618 554 681 596 tui
696 551 829 597 video
844 565 964 594 tuam
981 549 1259 593 inanitatem.
1293 546 1425 593 Adeo
1441 545 1548 592 nihil
1574 545 1797 592 simulatio
1813 564 1920 609 pro·

361 618 473 671 ficit,
488 620 637 682 paucis
655 618 850 680 imponit
864 615 1021 660 leviter
1034 610 1296 659 extrinsecus
1310 613 1493 662 indueta
1505 609 1641 657 facies
1656 646 1668 666 ,
1698 616 1857 658 veritas
1873 615 1935 657 in·

365 701 550 729 omnem
575 697 748 747 partem
777 680 838 726 sui
862 678 1030 743 semper
1053 678 1210 725 eadem
1238 678 1313 723 est.
1349 681 1506 724 Tenue
1535 679 1595 723 est
1617 677 1923 730 mendacium,

362 749 560 814 perlucet
578 747 605 793 fi
623 747 857 812 diligenter
873 744 1122 808 inspexeris.
1145 745 1288 789 Porro
1301 743 1407 788 nulli
1421 761 1515 788 non
1531 745 1682 790 Virtus
1697 747 1743 789 ὅ(
1758 747 1859 789 vivo
1878 748 1926 790 δε

365 831 552 861 mortuo
568 812 715 859 retulit
727 814 931 876 gratiam,
948 808 978 855 fi
994 809 1137 854 modo
1154 808 1274 854 illam
1289 808 1406 855 bona
1419 807 1510 855 fide
1521 807 1692 855 secutus
1711 808 1769 854 est
1789 842 1801 862 ‚
1841 807 1869 853 fi
1886 807 1927 854 se

363 897 457 926 non
470 881 758 925 exornavit&
775 879 933 941 pinxit,
950 874 1160 921 sedidem
1175 873 1259 920 fuit
1274 873 1360 919 five
1377 892 1426 920 ex
1439 874 1712 920 denunciato
1742 873 1930 920 videba-

365 943 808 1006 tur‚fiveimparatus
832 959 881 986 ac
895 939 1058 988 subita·
1105 938 1370 1003 Exemplum
1396 939 1523 985 dabit
1554 941 1749 986 M.Cat0
1776 939 1925 986 homo

364 1013 518 1058 virtuti
536 1007 805 1060 simillimus,
840 1012 888 1053 &
910 1023 988 1070 per
1014 1009 1169 1050 omnia
1199 1008 1380 1068 ingenio
1401 1007 1495 1050 Diis
1511 1004 1643 1068 quam
1660 1003 1934 1053 hominibus

362 1078 553 1141 propior
569 1093 580 1127 ;
606 1076 683 1137 qui
700 1088 930 1135 nunquam
945 1070 1064 1117 redte
1077 1068 1184 1115 fecit
1200 1085 1246 1116 ut
1264 1068 1411 1116 facere
1426 1071 1666 1119 videretur,
1679 1070 1753 1117 sed
1765 1074 1869 1134 quia
1881 1088 1932 1117 a-

361 1142 463 1188 liter
482 1137 627 1186 facere
644 1155 736 1185 non
751 1151 955 1202 poterat;
995 1139 1073 1198 qui
1099 1135 1313 1182 omnibus
1339 1136 1548 1183 humanis
1561 1139 1685 1183 -vitiis
1704 1139 1930 1185 ,immunis

364 1206 535 1271 semper
560 1208 802 1251 Fortunam
818 1205 863 1249 in
879 1200 952 1247 sua
966 1201 1186 1264 potestate
1204 1201 1375 1253 habuit,
1391 1201 1644 1266 quaeipsum
1661 1205 1709 1248 in
1731 1203 1931 1250 Praetura

364 1273 644 1336 postponens
672 1271 858 1316 Strumae
890 1268 1278 1327 Vatini050ptime
1294 1265 1461 1331 abipso
1481 1266 1619 1314 derisa
1634 1268 1719 1324 est3
1758 1285 1853 1314 non
1881 1288 1929 1317 e-

363 1342 460 1384 nirn
479 1339 601 1385 Cato
616 1332 833 1400 repulsam
861 1332 977 1385 tulit,
1003 1329 1182 1396 sed-ipsa
1192 1334 1379 1396 dignitas
1392 1349 1489 1378 eam
1507 1331 1623 1397 paffa
1636 1333 1712 1388 est‚·
1742 1334 1851 1381 Non
1866 1333 1929 1381 se-

363 1421 441 1451 cus
453 1420 503 1449 ac
516 1406 802 1465 Anaxagoras
826 1398 882 1445 ab
904 1395 1249 1444 Atheniensibus
1265 1396 1395 1443 exilio
1410 1398 1762 1453 multitatusmon
1775 1401 1924 1464 priva-

365 1469 497 1517 batur
511 1466 715 1521 Athenis,
734 1464 809 1512 sed
824 1464 906 1510 illae
918 1461 1012 1509 illo.
1041 1464 1196 1509 Roma
1208 1466 1327 1524 Vejis
1338 1479 1431 1509 erat
1445 1481 1534 1528 qua
1550 1464 1810 1528 tempestate
1827 1482 1922 1511 ma·-

362 1539 506 1583 ximus
525 1531 608 1579 illae
623 1533 772 1597 patriae
786 1529 1000 1576 liberator
1028 1528 1249 1576 Camillus
1271 1528 1479 1575 exulabat
1499 1528 1647 1595 pulsus
1669 1528 1725 1575 ab
1749 1532 1929 1594 ingrata-

364 1601 492 1650 urbe.
530 1600 810 1661 Qicunque
824 1592 1227 1660 Rempu-bsfiilvam
1239 1594 1402 1643 volunt
1413 1593 1511 1643 sunt
1527 1597 1644 1645 cives
1660 1597 1880 1645 Romani.

586 1666 680 1725 Qi
695 1660 793 1711 νεὸἶὲ
801 1662 990 1726 confidat,
1003 1678 1071 1708 con
1088 1663 1245 1726 ulfuat.

588 1759 738 1823 Hqstem
754 1761 820 1821 qui
823 1760 941 1823 feriet
952 1759 1049 1805 mibi
1057 1759 1132 1804 erit
1146 1757 1483 1821 carthaginienfis.

593 1858 722 1906 Virtus
732 1854 875 1916 repulfiz
886 1854 1004 1915 nescia
1013 1852 1186 1915 fhrdidae,
1203 1856 1267 1899 in-

586 1925 858 1968 contaminatis
862 1922 986 1984 fulget
999 1919 1216 1974 honoribus,
1233 1963 1235 1966 .

589 1997 671 2035 Nec
676 1989 798 2047 sumit
807 1999 877 2032 aut
885 1989 993 2048 ponit
999 1984 1145 2047 secures
1157 2018 1162 2023 -

653 2054 821 2099 Arbitrio
831 2053 1019 2114 popularis
1029 2066 1139 2097 aum.

361 2117 606 2165 Enimvero
624 2133 717 2163 non
734 2133 928 2181 purpura
941 2130 1019 2162 aut
1033 2116 1176 2161 aureis
1187 2109 1339 2177 virgis,
1354 2109 1425 2159 sed
1437 2111 1627 2159 utilitate
1639 2110 1818 2178 publica
1839 2110 1923 2159 acl-'-

359 2184 523 2231 duetus
537 2219 549 2238 ‚
586 2186 708 2231 Cato
737 2184 977 2229 Praeturam
1000 2183 1128 2246 petiit
1143 2213 1156 2234 ‚
1195 2194 1245 2226 ut
1263 2180 1415 2224 amicis
1438 2180 1789 2244 propinquisque
1819 2211 1832 2231 ,
1872 2183 1920 2224 ὃ(

361 2249 575 2296 omnibus
604 2252 799 2304 civibus,
833 2245 1047 2294 omnibus
1065 2245 1229 2310 deinde
1243 2242 1507 2291 mortalibus
1527 2248 1724 2310 paratior
1740 2241 1920 2290 utilior„

357 2332 447 2380 que
476 2313 780 2380 effetpropius
794 2312 992 2379 positus:
1029 2314 1167 2376 quue
1181 2309 1582 2358 laudabilimotum
1596 2308 1776 2358 suorum
1801 2308 1922 2356 fidu-

357 2384 424 2428 cia
437 2417 448 2434 ,
475 2398 572 2444 quae
589 2384 693 2444 quia
712 2383 756 2426 in
771 2382 929 2426 animis
946 2378 1179 2425 bonorum
1201 2379 1255 2426 de
1267 2373 1433 2423 affeetu
1445 2374 1631 2443 fimplici
1646 2374 1780 2441 surgit
1794 2412 1804 2428 ,
1841 2391 1921 2439 ge-

359 2463 441 2492 nus
459 2452 517 2492 elt
531 2450 714 2493 virtutis,
754 2446 984 2493 Neccerte
1001 2447 1141 2493 caruit
1155 2444 1362 2491 heroicus
1374 2441 1444 2488 ille
1462 2457 1665 2496 conatus,
1683 2441 1769 2496 vel,
1784 2439 1918 2486 laude

355 2511 426 2561 vel
444 2516 667 2579 praemio,
687 2510 872 2566 fetiamsi
901 2515 1058 2563 cinon
1080 2509 1590 2578 responderitieventus.
1626 2506 1916 2618 Rectefeigkim

1793 2587 1817 2617 a
1869 2586 1922 2617 o-
