2080 2854
522 15 1151 65 ΕΜΒιΒΜΑ-τιι.
1569 39 1624 88 7ς

106 97 186 160 qui
203 94 302 143 satis
323 92 407 143 effe
421 107 579 159 putant
593 91 724 148 nasci,
753 109 1015 157 coecatnque
1031 108 1235 143 naturam
1261 96 1306 145 in
1332 103 1526 152 tenebris
1541 104 1623 153 suis

107 178 301 208 marcere
316 194 329 216 ,
364 165 409 207 &
426 174 604 222 torpere
627 157 787 211 sinunt.
804 160 872 207 Ut
884 163 1003 205 enim
1024 158 1194 209 fruetus
1210 180 1287 211 aut
1302 172 1432 217 unius
1446 186 1618 218 tantum

107 228 305 292 generis,
325 239 374 271 ut
388 239 463 270 aut
477 223 720 288 plurimum
734 222 963 288 'insipidos
987 227 1289 291 gign'ivarbor
1303 266 1316 286 ‚
1335 237 1444 281 citra
1467 253 1618 282 curam

103 290 338 347 infitioni33
356 304 403 336 ut
415 292 508 354 agri
522 306 617 335 non
631 286 776 335 solum
790 289 931 336 nullas
945 287 1190 355 fruges‚sed
1208 294 1413 355 tribulos,
1429 302 1622 349 carduos

109 356 324 405 &lolium
341 354 600 420 producunt
615 388 626 408 ,
659 353 690 400 si
705 371 800 400 non
811 355 1071 402 excolantur
1085 390 1096 409 ,
1116 359 1276 407 exculti
1294 366 1396 412 vero
1414 370 1622 414 innume-

105 438 153 468 ra
166 427 211 469 &
227 423 515 485 variigeneris
532 418 756 467 frumenta
780 423 980 486 pariunt3
1002 418 1060 467 fic
1075 423 1221 470 homo
1239 463 1251 480 ,
1273 428 1350 475 nifi
1369 434 1589 478 Naturam
1604 467 1618 488 ,

107 485 263 532 nobile
278 485 387 532 illud
402 487 488 532 Dei
504 483 758 547 depofitum
778 518 789 538 ‚
815 485 1018 532 dorstrinz‘i
1030 487 1226 543 excolat,
1262 507 1473 557 tanquam
1495 498 1616 544 rudis

107 549 258 605 massa,
275 557 322 599 ὃ(
335 555 405 597 cui
419 548 539 596 nulla
550 549 700 596 forma
713 550 774 596 est
785 550 1035 604 industa,in
1048 551 1310 603 boemundi
1327 560 1503 607 theatro
1521 580 1616 609 ver·

106 614 244 672 satur:
268 615 386 663 secus
403 613 499 662 inse
511 632 602 662 uno
620 613 773 662 omnia
786 614 1150 680 habet,nullaque
1161 620 1221 664 est
1238 622 1466 690 disciplina
1479 645 1615 690 quam

107 693 203 728 non
215 681 536 747 apprehendat,
550 679 580 727 fi
596 679 971 746 praeceptionibus
984 685 1031 727 δε
1054 687 1374 737 exercitatione
1401 692 1618 740 institerit.
1679 707 1684 711 ’

111 746 340 794 Omnibus
355 749 474 793 enim
490 748 614 793 Deus
627 749 696 807 (ut
711 749 877 793 Seneca
889 745 1357 809 inquit)fundamenta
1376 756 1503 804 dedit
1517 794 1528 810 ,
1551 757 1616 804 se-

108 827 302 875 menque
318 815 546 865 virtutum,
566 814 688 874 quod
701 810 900 858 doetrina
914 810 1245 867 suscitaturmon
1261 819 1379 867 secus
1390 839 1440 867 ac
1453 821 1620 868 scintfl-

107 875 168 933 la,
189 875 396 924 levi-flatu
407 878 569 938 adjuta,
588 881 739 942 ignem
753 876 880 923 suum
892 874 1096 943 explicat.
1136 883 1341 933 Testatur
1351 887 1397 934 id
1411 891 1613 943 Boetius,

367 953 471 990 Intus
484 946 538 989 ef}
551 944 745 990 hominum
761 946 866 1006 vigor

367 1019 464 1055 Arce
474 1010 641 1055 conditus
654 1007 805 1056 abduci.

114 1073 168 1119 Et
181 1069 270 1117 alio
285 1068 392 1120 loco
408 1074 542 1126 idem,

366 1147 488 1187 Haeret
496 1135 659 1201 profesti,
675 1135 804 1195 semen
826 1136 1033 1199 introrsum
1049 1144 1134 1187 Ver-i

378 1205 504 1268 Qud
512 1206 706 1249 excitatur
714 1203 925 1248 ventilante
948 1197 1120 1249 doctrina
1133 1235 1147 1256 ‚

368 1275 406 1315 N
408 1283 473 1314 am
485 1284 552 1313 cur
566 1268 693 1328 rogati
695 1266 826 1328 sponte
846 1270 949 1312 reeta
964 1268 1114 1328 cenfietis

366 1336 422 1381 Ni
438 1332 574 1394 mersus
586 1333 664 1377 alto
676 1334 820 1378 viveret
825 1332 948 1393 fomes
958 1334 1067 1379 corde
1078 1349 1097 1379 ε’

365 1399 451 1460 Etfi
465 1399 633 1445 Platonis
645 1395 761 1456 Musa
779 1395 954 1458 perfimat
979 1413 1113 1445 verum
1130 1431 1144 1453 ‚

365 1465 483 1527 Qod
507 1461 660 1525 quifiJue‘
680 1462 812 1523 discit,
837 1463 1038 1509 immemor
1060 1466 1294 1512 recordatur.

89 1536 92 1539 ’
107 1527 239 1579 Libet
251 1528 323 1576 hic
339 1530 500 1576 addere
514 1524 800 1592 elegantiffim
808 1542 858 1572 os
871 1530 1020 1592 magni
1041 1527 1155 1576 illius
1171 1529 1378 1594 Scaligeri
1391 1533 1553 1581 verfiis:

358 1596 442 1660 Istos
467 1597 590 1640 animi
602 1595 806 1656 igniculos,
814 1592 1029 1654 seminaria
1040 1595 1110 1659 ista
1121 1632 1132 1648 ‚

361 1660 580 1722 Qeissevit
609 1675 718 1722 agros
731 1657 855 1721 ingeni
877 1690 890 1708 ‚
911 1660 1020 1705 beata
1034 1676 1161 1708 rerum

361 1735 524 1774 Natura
541 1741 700 1788 parens,
745 1726 872 1785 studiis
893 1726 1085 1788 augescere
1103 1742 1178 1789 par
1190 1729 1242 1772 es‘l
1256 1756 1270 1776 ‚

365 1797 456 1838 Aut
462 1792 637 1854 splendor
651 1790 733 1835 abit
748 1791 915 1852 perditus
927 1795 1084 1854 aerugine
1107 1791 1224 1838 tetri.

112 1854 418 1918 Indignicerte
446 1858 578 1902 tantis
594 1857 683 1901 Dei
712 1854 971 1901 muneribus
992 1860 1071 1919 qui
1087 1856 1188 1917 *haec
1209 1854 1437 1921 negligunt
1466 1862 1512 1904 δε
1535 1874 1618 1921 pu-

113 1919 291 1966 trescere
303 1918 467 1976 sinunt,
496 1937 638 1984 quum
651 1918 833 1982 alioqui,
860 1918 888 1965 fi
909 1919 1057 1968 bonus
1074 1922 1222 1968 cultor
1237 1939 1286 1968 ea
1301 1920 1544 1986 excepisset,
1563 1920 1592 1967 fi
1604 1952 1621 1961 -

112 1984 230 2030 milia
241 1985 492 2050 originisuae
510 1988 667 2032 divinae
679 1983 940 2049 prodiissent
955 2018 968 2040 ‚
1003 1992 1049 2033 δε
1061 1990 1181 2051 paria
1207 1986 1290 2041 his,
1303 1987 1525 2049 exquibus
1542 2004 1617 2033 or·

111 2065 154 2095 ta
166 2051 283 2106 sunt,
306 2048 611 2098 excreviffent:
635 2066 754 2095 nunc
768 2083 782 2103 ‚
796 2053 901 2112 quia
915 2048 1136 2096 colonum
1153 2051 1449 2115 negligentem
1462 2051 1617 2098 sortita

109 2113 206 2161 sunt
223 2150 234 2169 ‚
265 2132 493 2171 necantur,
507 2122 554 2163 &
567 2129 858 2181 purgamenta
872 2131 954 2178 pro
970 2113 1173 2180 frugibus
1189 2120 1380 2180 pariunt.
1406 2116 1618 2179 Apulejus

110 2178 251 2226 asserit
275 2182 506 2229 hominem
536 2198 616 2227 nec
632 2178 826 2246 perfecte
844 2178 1018 2225 bonum
1036 2214 1049 2235 ‚
1075 2197 1155 2226 nec
1179 2182 1344 2227 malum
1368 2181 1480 2228 nasci
1498 2217 1511 2236 ,
1541 2181 1615 2230 sed

84 2291 89 2296 ,
109 2244 331 2308 utriusque
347 2247 512 2293 semina
538 2246 612 2294 eia
627 2244 937 2293 narurdindita
952 2279 967 2300 ‚
993 2263 1090 2309 quae
1113 2246 1389 2293 institutione
1410 2251 1455 2292 iu
1476 2248 1615 2301 hanc,

108 2310 178 2356 vel
202 2308 319 2357 illam
339 2329 509 2377 partem
520 2315 729 2358 emicant.
765 2310 880 2357 Vide
891 2326 1109 2373 quantum
1121 2310 1264 2357 valeat
1278 2311 1350 2358 ille
1365 2312 1528 2367 cultus,
1545 2317 1617 2359 cui

109 2375 260 2439 (quod
278 2378 601 2424 Demosthenes
616 2377 672 2425 de
685 2377 1056 2425 Pronuntiatione
1073 2375 1270 2433 dicebat)
1293 2382 1452 2442 prima,
1466 2380 1618 2424 secun-

110 2443 185 2498 da,
203 2448 249 2491 &
266 2447 393 2490 tertia
409 2441 642 2492 debentur.
710 2443 938 2507 Qamvis
953 2456 1102 2489 autem
1118 2443 1292 2490 Natura
1306 2443 1522 2507 quosdam
1537 2443 1560 2489 ἓι
1575 2442 1617 2490 se

903 2509 942 2554 K
963 2523 987 2554 2
1532 2512 1621 2555 im-
