2080 2854
462 81 548 130 188
747 81 1147 127 Frontis-ru
1197 73 1752 124 Senoomzovu

696 174 1749 241 COMMENTARIUS.

466 295 468 297 ’
679 281 936 330 Iviniffimus
951 277 1319 341 Philosophorum
1340 280 1505 325 Seneca
1522 312 1535 333 ,
1565 283 1608 326 in
1626 280 1763 328 Libro
1780 279 1832 326 de
1847 280 1991 326 Tran-

681 348 894 413 quillitate
910 349 1064 402 animi,
1091 342 1298 391 effectum
1318 343 1490 390 invidiae
1504 345 1646 393 statuit
1663 380 1677 402 ,
1704 345 1927 409 displicere
1940 344 1991 392 fi·

682 417 739 461 bi.
776 416 882 461 Hoc
902 416 1038 461 oritur
1057 411 1113 458 ab
1131 411 1391 472 intemperie
1421 412 1589 464 animi,
1619 416 1663 458 &
1681 409 1995 476 cupiditatibus

687 478 851 528 timidis
867 514 881 536 ‚
905 495 982 527 aut
1006 493 1159 542 parum
1177 474 1410 540 prosperis,
1433 475 1508 521 ubi
1524 492 1599 523 aut
1616 493 1711 524 non
1726 478 1888 523 audent
1905 478 1991 521 mi-

462 550 625 599 serrimi
641 549 849 596 homines
863 560 1081 609 quantum
1098 539 1431 606 concupiscunt,
1447 557 1623 589 autnon
1636 541 1960 606 consequuntur
1973 575 1989 597 ‚

464 620 566 665 &in
582 614 701 678 spem
719 614 800 660 toti
814 614 1084 676 prominent,
1100 605 1268 671 semper
1284 605 1504 652 instabiles
1519 606 1813 672 mobilesque.
1849 609 1990 670 Qod

464 679 628 730 necesse
644 681 703 728 est
724 678 920 725 accidere
936 672 1249 741 pendentibus,
1284 674 1429 718 Omni
1448 673 1535 718 vita
1554 673 1750 733 pendent
1766 707 1780 727 ‚
1796 679 1840 719 δε
1857 674 1988 719 inl-,o-

467 747 589 795 nesta
609 745 651 794 se
671 763 720 792 ac
748 741 940 789 difficilia
968 743 1160 793 docent,
1199 752 1478 799 coguntque,
1515 742 1562 783 &
1591 737 1667 783 ubi
1701 736 1784 783 fine
1808 741 1991 800 ptaemio

465 811 689 863 laborest,
716 808 1006 869 torquetillos
1029 806 1197 849 irritum
1216 800 1426 855 dedecus3
1453 806 1499 846 ὃς
1518 802 1674 848 dolent
1689 800 1726 848 se
1743 819 1874 866 prava
1896 800 1991 848 fru..

469 879 552 926 stra
568 871 762 924 voluisse.
798 876 930 919 Tunc
944 872 1046 916 illos
1062 874 1108 916 δέ
1126 868 1385 930 poenitentia
1401 870 1534 930 coepti
1559 875 1736 914 tenet&
1753 867 1990 930 incipiendi

470 946 634 997 timor,
671 939 939 1003 ftirrepitque
965 936 1036 982 iila
1063 935 1247 980 luctatio
1275 932 1411 976 animi
1439 964 1452 985 ,
1488 949 1585 979 non-
1615 935 1876 979 invenientis
1899 935 1992 979 exi-

469 1025 564 1057 tum
581 1030 598 1065 ·,
622 1009 725 1070 quia
742 1022 820 1051 nec
835 1001 1149 1065 cupiditatibus
1161 996 1241 1044 suis
1259 1000 1575 1059 imperare‚nec
1590 997 1774 1062 obsequi
1795 996 1989 1061 possunt:

470 1080 517 1122 δε
542 1075 763 1121 cunetatio
793 1072 889 1115 vitae
913 1064 1122 1132 parum-se
1147 1062 1425 1127 explicantis,
1444 1068 1490 1110 δε
1517 1067 1628 1110 inter
1652 1064 1855 1111 destituta
1880 1081 1991 1113 vota

467 1144 684 1205 torpentis
696 1138 830 1183 animi
845 1134 1080 1197 fitus.Qae
1095 1133 1248 1178 omnia
1262 1130 1463 1193 graviora
1483 1127 1578 1176 sunt
1595 1160 1608 1179 ‚
1631 1129 1708 1175 ubi
1736 1129 1845 1177 odio
1859 1128 1991 1178 infoe-

467 1204 643 1252 licitatiz
670 1202 890 1268 operosae,
926 1199 982 1246 ad
1013 1202 1154 1245 otium
1186 1192 1494 1259 profugerunt,
1533 1200 1580 1242 &
1613 1192 1771 1243 secreta
1819 1195 1988 1253 studia,

467 1288 563 1333 quae
577 1274 663 1332 pati
681 1286 769 1316 non
787 1266 930 1330 potest
943 1268 1142 1317 animus,
1172 1259 1574 1319 naturainquietus,
1604 1277 1755 1323 parurn
1774 1259 1987 1309 scilicetin

465 1335 505 1383 se
526 1335 777 1382 solatiorum
796 1330 984 1377 habens:
1012 1329 1202 1389 ideoque
1219 1324 1424 1371 detraeiis
1448 1324 1827 1372 oblectationibus
1843 1358 1853 1374 ‚
1873 1343 1993 1389 quas.

463 1400 562 1466 ipsae
589 1401 902 1464 occupationes
928 1391 1265 1441 disturrentibus
1288 1387 1482 1454 praebent
1499 1425 1511 1446 ,
1545 1391 1752 1443 domum,
1778 1391 1983 1440 solitudi-

464 1482 585 1520 nem,
611 1468 797 1528 parietes
812 1480 902 1509 non
917 1459 1018 1516 fert,
1037 1461 1196 1506 invitus
1211 1454 1357 1520 aspicit
1371 1452 1408 1501 se
1423 1453 1500 1503 fibi
1517 1457 1733 1502 reliniturn.
1747 1458 1864 1503 Hinc
1880 1457 1985 1506 illud

464 1533 527 1580 est
544 1532 722 1579 taedium
738 1563 752 1585 ‚
782 1535 827 1577 &
842 1526 1113 1591 displicentia
1128 1523 1201 1575 sui,
1223 1526 1269 1568 &
1286 1522 1497 1583 nusquam
1515 1520 1738 1568 residentis
1753 1525 1881 1567 animi
1899 1521 1985 1571 vo.

460 1599 620 1646 lutatio
634 1632 647 1654 ‚
661 1603 706 1645 &
725 1599 806 1643 otii
823 1593 880 1640 sui
898 1594 1023 1640 tristis
1047 1606 1178 1654 atque
1204 1604 1313 1651 aegra
1325 1591 1531 1651 patientia
1546 1622 1560 1642 ,
1590 1605 1738 1651 utiq-ue
1755 1587 1828 1633 ubi
1841 1589 1985 1636 causas

463 1663 590 1712 fateri
612 1665 747 1727 pudet
767 1697 779 1714 ‚
812 1675 1038 1707 tormenta
1062 1652 1268 1701 introrsus
1291 1655 1379 1716 egit
1401 1655 1685 1707 verecundia,
1717 1658 1760 1698 in
1796 1655 1988 1714 angusto

465 1730 632 1778 inclusae
656 1729 912 1791 cupiditates
935 1723 1019 1770 fine
1043 1727 1156 1767 exitu
1182 1718 1319 1781 seipsae
1347 1718 1624 1783 strangulant.
1668 1720 1773 1764 Inde
1815 1736 1985 1766 moeror
2053 1750 2056 1752 -

467 1811 728 1858 marcorque
748 1826 761 1847 ,
787 1797 834 1839 &
864 1790 981 1835 mille
1010 1788 1168 1834 studius
1199 1785 1355 1830 mentis
1378 1787 1552 1831 incertae
1573 1818 1586 1838 ‚
1611 1801 1745 1847 quam
1778 1784 1991 1832 inchoata-

465 1855 880 1924 habentsuspensam
898 1889 911 1911 ,
936 1855 1164 1918 deplorata
1187 1849 1373 1897 tristem:
1401 1850 1504 1896 inde
1533 1849 1603 1896 ille
1630 1849 1820 1897 affeetus
1838 1855 1980 1898 otium

463 1928 586 1975 suum
603 1926 909 1974 detestantium
923 1954 936 1975 ‚
963 1920 1331 1984 querentiumque
1344 1915 1451 1961 nihil
1465 1915 1501 1961 se
1519 1916 1677 1963 habere
1693 1918 1813 1979 quod
1834 1932 1982 1978 agant,

468 2000 514 2044 δε
550 1992 699 2040 alienis
731 1990 1010 2035 incrementis
1046 1979 1334 2030 inimiciffima
1375 1984 1554 2034 invidia,
1607 1984 1696 2028 Alit
1721 1984 1836 2026 enim
1864 1984 1982 2034 livo-

465 2078 557 2108 rem
585 2056 749 2106 infoelix
772 2056 954 2101 inertia:
979 2057 1026 2100 &
1054 2063 1211 2097 omnes
1243 2047 1399 2094 destrui
1440 2053 1650 2112 cupiunt,
1685 2049 1789 2112 quia
1822 2047 1861 2092 se
1884 2065 1980 2096 non

465 2139 704 2193 potuerunt
721 2120 983 2188 provehere:
1015 2123 1059 2165 &
1077 2133 1128 2164 ex
1147 2116 1227 2160 hac
1253 2113 1412 2161 deinde
1439 2115 1712 2162 aversatione
1733 2113 1978 2161 alienorum

464 2191 738 2259 processuum
763 2223 777 2244 ,
806 2190 1037 2234 &suorum
1058 2180 1356 2246 desperatione
1372 2214 1385 2232 ,
1410 2181 1650 2229 obirascers
1675 2183 1875 2226 Fortunae
1889 2183 1978 2226 ani-

465 2277 564 2306 mus
583 2292 592 2308 ‚
622 2263 666 2305 δε
680 2256 733 2303 de
749 2253 918 2302 coeculo
935 2267 1149 2316 querens,
1180 2247 1285 2293 &in
1300 2245 1483 2311 angulos
1497 2246 1533 2293 se
1554 2254 1790 2296 retrahens,
1817 2252 1860 2291 Sc
1878 2264 1976 2309 poe-

464 2327 749 2372 naeincubans
762 2319 861 2373 suae,
877 2319 980 2366 dum
998 2318 1125 2363 taedet
1138 2313 1192 2360 sui
1207 2313 1424 2376 pigetque.
1458 2315 1563 2361 Haec
1578 2313 1646 2359 ille
1665 2330 1675 2358 ε
1692 2312 1872 2375 Qibus
1888 2311 1978 2359 ele..

463 2406 614 2456 ganter
642 2391 855 2451 originem
883 2383 1144 2447 causamque
1167 2381 1362 2441 depingit
1394 2382 1594 2433 invidiae3
1636 2395 1732 2441 quae
1767 2395 1857 2423 non
1885 2394 1976 2424 tam

466 2458 573 2509 aliis,
594 2453 725 2519 quarn
755 2452 829 2497 fibi
855 2448 930 2514 ipfi
948 2453 1127 2496 inimica
1140 2446 1212 2494 est.
1255 2448 1299 2492 Si
1324 2447 1439 2491 enim
1465 2445 1576 2492 bene
1603 2460 1693 2490 rem
1711 2446 1977 2498 excutimus,

464 2524 782 2584 comperiemus
799 2516 1008 2562 invidiam
1025 2514 1099 2561 fibi
1126 2515 1410 2576 ignominiam
1429 2544 1441 2566 ,
1475 2511 1534 2556 illi
1560 2525 1706 2556 autem
1720 2511 1790 2555 cui
1809 2509 1976 2555 invidet

464 2588 648 2653 gloriam
673 2599 819 2650 patere
835 2604 848 2640 3
888 2599 992 2645 quia
1016 2582 1121 2630 dum
1148 2578 1365 2646 perpetuo
1390 2578 1565 2628 invidos
1592 2574 1692 2623 illos
1717 2575 1896 2684 oculo?li
1929 2576 1974 2619 in

1901 2655 1974 2685 um
