2080 2854
145 350 208 383 Sibi
219 349 316 390 impe-

144 403 225 427 12nSv

144 807 211 836 Nec
221 803 317 835 morti

145 848 273 879 eedens.

140 2356 257 2402 *Seneca
269 2373 308 2402 E·

141 2412 266 2456 pistsy.

356 89 384 126 6
646 69 1594 120 FLORENTHSGHOONHOVH

356 155 527 219 legibus
550 151 735 215 quidem
750 166 842 195 non
856 161 1040 212 propter
1052 161 1220 193 metum
1238 163 1362 212 paret
1378 183 1389 202 ‚
1417 147 1490 194 sed
1502 164 1574 193 eas
1589 144 1784 209 sequitur
1796 145 1933 211 atque'

359 222 467 266 colit
482 251 496 274 ,
518 217 646 280 quod
671 215 718 261 id
746 213 927 259 salutare
950 211 1143 257 maxime
1169 210 1250 258 esse
1269 215 1449 274 judicet.
1488 211 1584 259 Soli
1596 212 1931 258 autemidcon-

334 278 338 283 ’
358 286 488 346 tingit
500 282 697 341 Sapienti
713 313 726 333 ‚
762 294 810 325 ut
825 276 941 322 nihil·
956 274 1089 322 faciat
1101 279 1282 332 invitus,
1296 278 1405 323 nihil
1418 276 1591 331 dolens,
1607 276 1716 322 nihil
1732 279 1928 326 coaetus.

361 347 685 395 Confitendum
699 347 847 406 itaque
856 342 933 397 est,
944 339 1023 387 nisi
1037 344 1114 405 qui
1129 344 1188 387 ita
1204 340 1256 387 fit
1272 340 1561 397 affestus‚effe
1575 342 1765 388 liberum
1781 344 1928 388 nerni-

359 431 477 460 nem.
510 410 604 458 Sibi
628 413 817 472 imperat
839 410 1023 471 Sapiens
1041 441 1054 461 ‚
1089 410 1193 469 quia
1213 424 1308 453 non
1346 408 1567 454 attollitur
1601 409 1822 472 prosperis
1844 418 1927 452 nec

361 479 577 542 mergitur
588 471 873 520 infoelicibus.
901 472 1042 518 Testis
1053 470 1125 518 ille
1139 472 1164 518 d
1179 474 1360 518 Porticu
1377 476 1568 537 Sapiens,
1580 470 1774 518 clamans
1789 469 1932 517 altum

362 550 407 591 ὃ(
422 547 660 588 intonans:
696 542 794 602 Ego
816 537 933 584 solus
956 554 1029 583 rex
1047 535 1159 592 sum,
1184 536 1300 584 solus
1327 538 1472 584 dives:
1491 543 1536 584 &
1560 541 1738 584 interim
1755 533 1944 601 conspi-'

361 611 473 654 citur
492 608 548 654 ad
564 605 725 655 alienas
736 603 857 650 fores
875 600 1121 659 muffitans3

588 677 663 718 Da
675 686 820 734 tegmen
836 672 1074 731 Hipponafh',
1088 684 1256 729 namque
1262 670 1387 733 frigeo

588 737 772 799 Totusque
782 734 1040 792 conewemifto.
1339 754 1344 758 ·

365 802 466 847 Nec
485 805 621 846 morti
647 817 728 847 nec
740 798 924 846 vinculis
943 800 1200 863 Sapientem
1227 795 1399 846 cedere3
1415 798 1561 845 videre
1585 799 1644 845 est
1660 799 1935 845 ininnocen-

364 865 527 912 tiffimo
551 869 755 919 Socrate,
784 871 910 925 cujus
930 866 1129 926 animum
1150 865 1327 924 triginta
1345 863 1542 923 Tyranni
1570 861 1934 908 circumsistentes
1996 876 2001 881 ·

362 929 600 994 infringere
628 947 722 977 non
744 943 1004 994 potuerunt.
1041 926 1446 989 Qemadmodum
1475 932 1594 973 enim
1619 927 1728 973 nihil
1755 931 1934 973 incom-

365 997 494 1042 modi
514 994 659 1042 adfert
679 994 858 1041 nimbus
884 998 929 1040 in
952 1009 1070 1038 mare
1090 991 1297 1038 decidens
1325 1024 1336 1038 ‚
1370 1006 1507 1054 utque
1530 992 1703 1057 grando
1735 990 1841 1038 illisa
1871 1007 1937 1042 te-

363 1065 444 1108 <Stis
461 1077 628 1126 magno
646 1062 825 1123 quidem
849 1057 1049 1123 fragore,
1086 1054 1238 1102 verum
1263 1055 1382 1102 nulla
1396 1057 1510 1102 nov&
1523 1055 1707 1106 desultat
1721 1092 1736 1112 ‚
1770 1056 1935 1103 ficin'a-

362 1131 429 1173 nis
451 1126 523 1171 ille
551 1142 695 1172 terror
711 1128 870 1171 mortis
899 1120 1010 1169 nihil
1023 1125 1066 1181 in
1084 1124 1336 1184 Sapientem
1352 1123 1514 1186 potest.
1580 1124 1652 1169 Ad
1667 1119 1850 1169 ornnem
1869 1125 1939 1167 in-

363 1191 536 1238 cursum
559 1193 751 1237 invidtus
779 1196 824 1237 δι
838 1191 1061 1234 interritus
1071 1187 1131 1232 est
1145 1223 1155 1238 ,
1176 1203 1267 1231 non
1286 1184 1313 1230 si
1327 1203 1569 1251 paupertas
1583 1225 1593 1240 ‚
1621 1205 1714 1233 non
1730 1186 1935 1242 filu6kus-,

363 1259 612 1322 ignominia
633 1271 710 1301 aut
735 1253 873 1303 dolor
905 1257 1099 1316 impetus
1131 1248 1319 1299 faciant„
1357 1255 1517 1315 pedem
1540 1250 1727 1307 referet,
1756 1251 1936 1299 >securus

365 1338 524 1368 contra
541 1321 615 1366 illa
629 1321 712 1367 ibit
727 1356 741 1377 ,
777 1318 934 1385 plenus
954 1317 1122 1383 gaudio
1153 1317 1414 1365 domestico.
1451 1315 1936 1367 Veressoetius.·Lib.1.

366 1391 560 1435 Metro.x
573 1404 615 1434 v.

589 1452 771 1518 Qifiqttis
783 1448 1135 1514 compefitofierenus
1149 1465 1220 1495 ινα

589 1528 729 1565 Fatum
734 1518 803 1579 sub
815 1518 965 1579 pedibus
974 1515 1284 1577 deditficperbum

589 1593 876 1642 Fortunamque
888 1595 992 1628 tuens
1004 1593 1208 1641 utramque
1221 1586 1339 1628 rec‘ius

591 1652 779 1696 Invictum
786 1651 911 1709 potuit
926 1659 1051 1693 tenere
1065 1649 1228 1697 vultum,
1290 1671 1293 1673 ·

588 1724 677 1761 Non
692 1717 798 1759 illum
814 1716 951 1766 rabies,
965 1714 1116 1758 minaeve
1124 1715 1230 1773 ponti

587 1779 748 1841 Versum
760 1780 935 1842 funditus
947 1779 1149 1823 excitantis
1161 1777 1299 1837 astum,

590 1855 672 1893 Nec
685 1847 804 1906 ruptis
821 1846 962 1904 quoties
973 1858 1090 1905 vagus
1099 1844 1258 1888 caminis

590 1921 754 1971 Torquet
768 1909 959 1972 fumificos
973 1908 1128 1969 Vefitvus
1136 1910 1248 1970 ignes,

593 1988 671 2023 Aut
681 1974 790 2035 celsas
793 1974 898 2034 fhliti
902 1976 1021 2036 ferire
1035 1985 1155 2019 turres

594 2042 769 2088 Ardentis
792 2044 858 2086 via
871 2041 1039 2099 fulminis
1047 2038 1227 2084 movebit..

592 2107 711 2167 „Quid
725 2117 881 2151 tantum
894 2104 1128 2165 miseriferos
1142 2112 1328 2169 Tyrannus

595 2175 796 2218 Mirantur
799 2171 879 2233 fine
889 2170 1030 2216 viribus
1033 2171 1206 2233 furentes
1227 2170 1246 2208 ?

593 2246 634 2283 N
637 2252 674 2282 ec
677 2237 800 2299 speres
811 2236 972 2295 aliquid,
988 2250 1055 2280 nec
1066 2231 1286 2294 extimescas
1300 2248 1314 2286 3

406 2342 409 2343 γ
594 2304 862 2348 Exarmaveris
871 2303 1084 2362 impotentis
1093 2303 1211 2345 iram.

369 2370 435 2414 En
457 2363 540 2411 tibi
560 2366 653 2413 duo
669 2364 797 2412 rivuli
813 2383 864 2412 ex
875 2362 1174 2411 turbidisfimo
1193 2359 1446 2408 Affectuum
1458 2356 1585 2404 fonte
1597 2356 1793 2410 dedusth
1807 2356 1940 2402 nimi-

367 2449 465 2479 rum
481 2429 573 2496 spes
590 2438 636 2480 ὃς
656 2435 794 2478 timor
809 2468 820 2486 ‚
858 2433 936 2493 qui
952 2433 1085 2476 etiam
1105 2434 1148 2477 in
1171 2429 1389 2492 Sapientis
1403 2428 1602 2470 animum
1619 2440 1713 2469 non
1728 2421 1941 2476 influunt,

367 2512 528 2561 utpote
555 2501 600 2543 in
630 2515 722 2561 quo
750 2497 812 2543 nil
838 2494 919 2542 nifi
948 2493 1272 2559 tranquillitas,
1306 2507 1401 2539 non
1429 2489 1549 2538 secus
1565 2506 1615 2536 ac
1633 2490 1766 2535 status
1780 2489 1940 2535 mundi
1971 2500 1973 2503 '

365 2564 491 2628 super
509 2566 696 2611 Lunam.
1767 2587 1770 2589 Δ

1807 2626 1944 2682 Perpe..
