2080 2854
379 72 434 127 36
679 62 1072 109 Ytonnurxr
1116 59 1612 110 senoounovu

505 150 578 188 Per
589 150 659 187 tua
671 139 811 202 obsecro
819 150 1014 203 genuam
1029 150 1072 185 tu
1087 135 1179 200 istuc
1196 139 1407 202 irfipienter
1410 142 1561 205 fabium
1564 143 1756 205 sapienter
1758 146 1893 210 fem,

509 207 685 266 Mihique
699 204 880 267 ignofhas,
901 205 1003 267 quod
1013 206 1137 251 animi
1150 207 1284 268 impos,
1303 207 1390 253 vini
1401 209 1697 270 vitiofecerim:

383 270 473 318 Cui
493 266 702 316 Callicles
715 271 868 324 {senem

506 343 597 382 Non
607 337 746 397 places,
763 338 803 381 in
813 347 964 381 mutum
979 335 1131 396 culpam
1141 334 1298 396 confers,
1314 337 1415 395 quod
1425 339 1557 398 nequit
1570 338 1692 399 loqui,
1704 380 1707 383 Α

508 408 620 447 Nam
639 403 770 446 vinum
770 401 808 461 fi
810 400 988 463 fabulari
997 400 1123 463 poffet,
1130 399 1172 460 fi»
1191 400 1411 463 defenderet.

507 473 598 511 Non
614 467 747 512 vinum
759 465 966 512 hominibws
980 467 1187 512 moderari,
1190 463 1258 525 fid
1273 469 1360 512 vino
1375 468 1540 514 homines
1545 465 1684 527 fidem,

502 530 603 593 Qi
616 532 768 591 quidem
775 532 883 593 probi
890 530 999 592 sunt,
1013 546 1147 578 verum
1161 533 1227 591 qui
1239 533 1425 593 improbus
1436 531 1496 589 cll,
1512 547 1660 591 aquam
1662 531 1700 593 fi
1713 529 1823 590 bibit,

513 598 600 641 Sive
614 597 707 641 adeo
721 609 828 643 caret
839 608 992 648 temet03
1009 609 1141 643 tamen
1152 595 1201 641 ab
1214 599 1361 658 ingenio
1372 598 1421 659 est
1434 598 1637 658 improbus.

388 659 524 706 Certe
550 661 704 706 vinum
729 659 760 706 fi
780 658 1104 707 effundendum
1116 660 1193 715 est,
1211 658 1336 706 aliter
1352 660 1521 708 effundi
1547 659 1693 725 potest
1709 675 1844 722 quam
1861 675 1938 721 per

385 739 548 787 corpus
565 724 882 780 humanum,in
895 743 986 788 quo
1002 724 1187 772 confilia
1202 725 1408 788 impedit,
1426 732 1472 774 &
1490 724 1763 790 vigilantiam
1779 721 1937 772 aufert.

385 785 685 850 Leotyc'hidas
706 792 906 854 quodam
921 806 1111 856 rogante
1125 807 1261 854 quam
1279 791 1341 837 ob
1370 790 1543 838 causam
1560 807 1718 856 parum
1732 788 1938 838 biberent

384 856 636 916 Spartiatae3
659 855 922 920 Respondit;
938 873 993 903 ne
1009 874 1093 922 pro
1111 855 1245 903 'nobis
1259 856 1332 902 alii
1348 856 1598 903 consultent
1613 889 1628 909 ,
1663 854 1738 902 sed
1754 871 1838 901 nos
1852 872 1937 917 pro

386 918 495 967 aliis.
533 920 681 976 Nam,
703 921 1193 986 utMenandetinquit‚
1215 921 1406 968 multum
1421 925 1529 969 meri
1542 919 1710 967 nefaria
1734 923 1860 985 cogit
1871 918 1937 966 sa-

387 999 506 1046 pere.
544 986 650 1030 Vini
672 984 795 1031 usum
809 984 1062 1050 praescribet
1089 987 1172 1033 tibi
1194 987 1480 1042 Anacharsis,
1504 989 1583 1050 qui
1598 983 1778 1033 dicebat
1800 987 1937 1033 vitem

385 1045 500 1093 ferre
513 1062 599 1093 tres
615 1048 788 1104 botros,
813 1052 1008 1115 primum
1022 1052 1283 1117 voluptatis,
1296 1050 1484 1100 alterum
1500 1052 1741 1107 ebrietatis,
1754 1053 1946 1098 tertium-

388 1110 628 1162 molestiae:
656 1117 860 1163 Sentiens
887 1134 1070 1181 parcum
1089 1134 1181 1165 vim
1201 1115 1326 1165 usum
1352 1117 1434 1166 effe
1443 1117 1720 1182 jucundum,
1753 1114 1935 1180 quiase-

391 1177 469 1224 dat
492 1176 634 1235 sitim,
655 1180 895 1246 largiorem
920 1181 1101 1248 gignere
1128 1181 1465 1244 temulentiam,
1486 1181 1938 1250 largiffimumpatere

392 1245 519 1300 rixas,
532 1245 696 1303 coedeS,
709 1251 757 1295 δε
768 1245 982 1296 morbos.

1770 1587 1937 1636 Medio

1990 95 2012 120 θ
