2080 2854
562 28 1190 94 EMBLEMATA.
1608 65 1672 109 99

112 127 207 194 qu&
223 121 406 172 affastus
427 120 626 168 redderet
641 118 900 172 sedatiores,
940 123 1137 171 Dicebat
1165 126 1389 178 Socrates,
1414 126 1560 173 otium
1572 129 1677 191 pos-

110 192 346 242 seffionum
372 190 577 234 omnium
594 190 822 250 optimum
839 186 937 242 esse‚·
961 192 1106 238 otium
1122 204 1272 237 autem
1284 188 1423 245 sensit,
1439 191 1674 258 nonigna-

106 264 242 313 viam,
256 255 330 302 sed
344 254 369 300 ὲ
385 251 670 300 tumultuosis
686 256 879 318 negotiis
893 287 905 303 ,
939 260 987 302 ὃς
1004 250 1324 321 cupiditatibus
1338 294 1349 312 ,
1385 261 1522 304 animi
1548 275 1672 306 tran-

105 323 374 390 quillitatem
390 316 652 366 vitiantibus
667 318 980 366 remiffionern.
999 324 1153 387 Scipio
1168 324 1301 368 etiam
1319 322 1463 370 dicere
1475 322 1667 380 solebat,

102 391 146 439 se
160 402 389 452 nunquam
400 386 548 430 minus
563 383 776 434 otiostun,
794 385 930 449 quam
946 404 1084 449 quum
1098 384 1201 434 effet
1213 388 1382 435 otiosus
1398 423 1412 444 ‚
1435 394 1668 453 nunquam

103 460 254 504 minus
277 451 419 499 solum
432 484 447 506 ,
496 449 635 513 quim
653 468 789 514 quern
812 448 918 497 esset
939 449 1084 500 solus:
1108 457 1298 499 Innuens
1321 454 1360 500 se
1377 472 1477 501 cum
1504 460 1663 504 animo

102 522 272 588 semper
283 517 476 584 plutima
487 513 616 579 loqui
629 513 937 563 solitum.Hoc
949 517 1011 562 est
1026 518 1127 584 aptex
1142 521 1241 564 otio
1260 524 1306 566 δε
1320 519 1562 569 solitudine
1575 524 1660 577 uti,

102 587 193 635 hoc
206 586 267 634 est
282 586 383 631 otio
405 581 653 629 multorum
669 584 847 631 vincere
873 586 1073 648 negotia.
1110 586 1290 632 Contra
1321 591 1340 645 (
1354 601 1404 633 ut
1417 586 1661 650 prudenter

106 656 272 703 Ennius
283 652 447 714 inquit)

330 720 422 763 otio
435 716 503 777 qui
513 714 627 777 nescit
641 716 715 766 uti,
724 716 807 777 plus
822 716 961 778 negotii
975 714 1110 766 habet,

324 779 463 847 th
477 796 597 842 quum
612 780 867 844 est'negotium
881 784 921 827 in
931 783 1076 844 negotio
1091 799 1106 825 .-

327 856 438 895 Nam
449 849 511 892 cui
525 846 618 906 quid
630 859 727 909 agat
741 845 970 906 institutum,
983 849 1087 893 nullo
1101 847 1247 909 negotio

323 913 373 959 Id
381 915 478 975 agit,
491 911 609 971 (ludet
621 914 685 963 ibi,
702 924 940 973 mentemque
952 915 1202 974 animumque
1212 912 1290 959 dele
1295 910 1491 975 Clatficum

327 977 455 1039 ocioso
468 979 578 1023 initio
597 980 749 1024 animus
759 977 872 1039 nescit
881 981 975 1039 quid
986 980 1099 1028 velit,

326 1052 409 1092 Hoc
423 1045 520 1089 idem
535 1042 722 1105 est,neque
733 1045 836 1090 domi
848 1044 1051 1106 nosmeque
1061 1041 1353 1105 militiaefiemus,

327 1118 429 1156 lmus
442 1111 526 1161 buc,
542 1111 628 1156 hinc
639 1113 727 1156 illuc
739 1129 751 1155 :
764 1125 850 1156 cum
860 1112 949 1157 illuc
963 1120 1121 1159 ventum
1133 1108 1198 1171 est,
1214 1111 1269 1156 ire
1288 1108 1376 1155 illuc
1389 1107 1490 1164 libet,

330 1171 478 1227 Incerta?
486 1186 595 1225 errat
608 1177 762 1226 animus
765 1187 898 1240 prater
903 1187 1060 1240 propter
1069 1178 1194 1227 vitam
1210 1176 1372 1226 vivitur.

855 1547 907 1596 N
938 1563 963 1597 2
1089 1626 1094 1630 .
1238 1536 1241 1539 ¹
1501 1556 1655 1619 Impo-
