2080 2854
178 195 181 197 ’
224 194 374 227 Plutarch.

232 547 355 578 Seneca<

236 1573 337 1606 xdem.

204 2236 294 2268 idem
304 2237 414 2277 Ep.s9.

435 59 524 100 192
740 41 1145 87 Frontis-1¹11
1179 38 1682 86 Senoouirovtr

424 120 587 168 iterent
613 117 698 166 fine
714 153 726 170 ,
759 117 847 164 fine
874 132 1022 163 tamen
1044 133 1180 164 nemo
1203 134 1538 171 commovetur,
1564 117 1826 166 autdoostior
1848 117 1948 171 red-

429 186 559 232 ditur.
587 183 986 244 Quemadmodum
1003 185 1174 229 Bomio
1201 199 1367 229 cornua
1383 188 1509 230 oneri
1526 192 1618 230 lunt
1635 200 1822 240 tautum,
1845 185 1948 231 nulli

427 267 555 298 auem
570 250 688 300 usui,
704 253 804 313 quia
821 252 935 295 adeo
950 251 992 294 in
1008 247 1046 293 se
1062 251 1157 294 lunt
1171 248 1347 295 reflexa:
1378 250 1434 296 sic
1448 251 1506 295 illi
1523 247 1641 295 suam
1660 247 1823 295 habent
1835 251 1950 296 Dia-

426 317 650 370 lefficanu
678 315 765 380 quai
794 331 944 362 tamen
965 316 1185 360 neminem
1204 349 1216 366 ,
1244 319 1347 377 quia
1374 332 1487 362 aceo
1511 317 1950 362 intonasseintticata

425 383 503 436 est,
520 385 688 428 vincere
706 379 895 444 poffunt.
929 378 1232 426 Nihilominus
1248 397 1393 426 tamen
1412 379 1468 427 illi
1499 382 1554 426 ἂιι
1572 382 1781 441 πώγωνΘι
1801 383 1948 439 συφοὶ,

425 447 562 503 idest,
588 446 734 494 barbae
752 463 876 493 tenus
890 444 1133 510 sapientes,
1158 447 1272 491 adeo
1290 450 1414 506 nugis
1440 445 1525 491 istis
1552 448 1707 492 intenti
1734 445 1858 500 sunt,
1895 461 1944 494 ut

427 512 759 578 propemodum
795 529 895 558 curu
920 510 1169 575 Chrysippo
1194 529 1280 571 prae
1303 509 1420 557 fame
1458 526 1720 560 mortantur.
1766 513 1946 559 Haetent

426 585 472 626 in
496 580 639 627 verbis
656 613 669 634 ,
696 583 742 626 &
765 594 936 624 aetatem
963 593 1106 623 totam
1133 580 1176 622 in
1203 577 1338 637 adytis
1358 576 1645 639 Philosophiae
1673 593 1817 624 terunt
1833 611 1845 627 ‚
1870 593 1949 639 pe..

430 646 610 692 netralia
648 660 874 708 nunquam
912 642 1080 689 vident.
1129 643 1245 688 Rem
1272 640 1388 688 illam
1424 641 1703 706 magnificam
1747 641 1949 690 Philoso-

425 712 579 778 phiam
605 727 654 756 ex
679 711 897 769 majestate
925 707 1022 762 sud,
1049 711 1092 751 in
1123 724 1299 766 magnas
1323 708 1536 769 angustias
1564 708 1830 759 detrudunt,
1859 724 1948 754 vo·

429 778 574 825 cando
597 793 693 823 eam
720 777 774 820 ad
798 774 1006 836 syllabas,
1050 788 1145 835 quae
1173 774 1341 816 utinam
1371 789 1458 816 non
1480 769 1645 833 prosint
1662 771 1851 826 tantum,
1877 771 1948 821 sed

432 841 623 889 maxime
647 855 823 887 nocent.
866 839 1209 885 Comminuitut
1230 839 1346 882 enim
1384 841 1430 883 &
1462 835 1716 882 debilitatur
1741 835 1948 900 generosa

430 905 631 961 indoles,
657 910 700 953 in
716 906 812 951 istas
828 904 1041 966 angustias
1058 903 1272 962 conjedta.
1308 901 1379 948 Ad
1402 903 1490 948 haec
1514 903 1575 947 illi
1604 901 1823 966 supercilia
1847 903 1951 950 sub-

432 975 617 1026 ducunt,
643 975 686 1017 in
700 970 989 1017 hoc·batbam
1009 967 1280 1021 demittunt,
1302 966 1393 1014 haec
1419 968 1553 1013 tristes
1566 967 1756 1022 docent,
1781 974 1827 1015 &
1850 965 1952 1031 pal-

431 1039 524 1086 lidi.
570 1039 778 1101 fugitivis
807 1034 1074 1081 clamoribus
1098 1033 1254 1079 nonad
1275 1036 1470 1080 calamos
1495 1067 1510 1088 ,
1539 1032 1613 1079 sed
1640 1034 1695 1079 ad
1718 1031 1952 1082 obliviosas

430 1120 554 1152 aures
576 1101 748 1166 semper
773 1115 956 1148 certant.
992 1097 1098 1146 Risit
1118 1098 1198 1146 hos
1222 1098 1326 1146 tales
1341 1097 1447 1146 olim
1477 1097 1625 1163 lepide
1651 1101 1955 1147 Demona&es

430 1167 723 1232 Philosophus
738 1203 749 1219 ,
772 1183 870 1213 cum
884 1169 1000 1213 enim
1015 1164 1352 1212 duosindoctos
1366 1199 1380 1221 ‚
1405 1163 1565 1211 interse
1584 1163 1801 1228 disputare
1824 1165 1954 1212 vide·-

439 1252 503 1282 ret
520 1240 567 1281 &
583 1237 707 1279 rixari
720 1230 737 1281 ⁴,
773 1249 965 1295 quorum
985 1231 1090 1276 alter
1107 1230 1291 1276 absurda
1305 1247 1480 1291 rogaret
1495 1264 1509 1283 ,
1546 1232 1653 1276 alter
1668 1230 1773 1275 nihil
1785 1231 1841 1277 ad
1858 1247 1952 1278 rem

433 1299 746 1364 responderem
772 1297 882 1343 Non
910 1298 1081 1341 videtur
1098 1295 1249 1348 vobis,
1277 1297 1443 1357 inquit,
1468 1298 1627 1349 amici,
1655 1295 1762 1341 alter
1789 1294 1952 1342 horum

433 1365 630 1427 mulgere
655 1364 824 1407 hircum
844 1396 857 1416 ,
893 1361 1001 1407 alter
1025 1362 1064 1405 ei
1090 1359 1334 1423 supponere
1364 1360 1588 1406 cribrum?
1625 1363 1815 1406 innuens
1844 1359 1954 1407 nihil

431 1430 548 1478 aliud
567 1428 646 1475 effi:
660 1425 924 1492 lophismata
939 1458 950 1475 ‚
973 1424 1105 1490 quam
1123 1427 1269 1472 inanes
1281 1442 1430 1489 nugas,
1449 1441 1729 1489 quastamen,
1757 1426 1882 1488 quod
1892 1426 1954 1473 est

434 1494 726 1561 turpiffimum
744 1509 875 1556 atque
899 1488 1237 1555 ineptiffimum,
1268 1491 1430 1538 habent
1452 1489 1662 1537 difficiles.
1687 1493 1833 1555 Atque
1863 1492 1953 1540 haec

437 1563 491 1611 de
522 1560 726 1608 elenchis.
762 1561 979 1622 Qorum
1007 1573 1155 1602 tamen
1170 1559 1303 1602 etiam
1322 1555 1640 1619 prospitiendas
1663 1556 1806 1605 statuo
1833 1555 1957 1604 falla-

439 1633 525 1677 cias
541 1663 554 1683 ,
578 1625 649 1673 sed
667 1622 991 1688 prospiciendas
1009 1637 1175 1668 tantum
1195 1654 1208 1672 ,
1239 1638 1292 1667 ne
1312 1622 1442 1667 verba
1465 1621 1590 1668 nobis
1610 1622 1764 1668 dentur
1780 1655 1791 1672 ‚
1818 1629 1865 1670 &
1897 1641 1952 1671 ne

439 1694 547 1760 quid
570 1697 614 1738 in
642 1692 722 1737 illis
752 1684 1145 1752 magnisecreti'que
1164 1687 1274 1733 boni
1301 1684 1382 1733 effe
1401 1688 1690 1734 exstimemus.
1722 1692 1867 1736 Venio
1896 1689 1953 1749 ad

437 1776 589 1810 veram
606 1757 722 1804 illam
738 1753 1060 1817 Philosophiam
1076 1785 1088 1804 ,
1119 1769 1252 1816 quam
1273 1755 1394 1799 terris
1416 1755 1660 1799 exulantem
1685 1756 1884 1802 Socrates
1901 1756 1953 1802 de

437 1826 553 1874 coelo
572 1839 774 1873 revocare
791 1836 977 1867 conatus
992 1819 1077 1872 est,
1107 1818 1218 1865 hanc
1234 1820 1424 1865 divinam
1443 1818 1745 1883 planejudico.
1782 1823 1953 1869 Scimus

437 1893 554 1939 illam
573 1889 652 1937 effe
669 1903 853 1935 matrem
877 1888 1076 1932 omnium
1107 1886 1293 1940 artium,
1321 1886 1490 1931 donum
1513 1890 1560 1931 &
1585 1888 1809 1933 inventum
1830 1891 1954 1935 Deo·

439 1975 539 2004 rum
554 1954 676 2016 quod
691 1954 746 2000 ab
765 1955 916 1998 animo
930 1981 942 1998 ‚
969 1966 1178 2013 tanquam
1195 1951 1248 1996 ab
1264 1952 1418 2004 oculis,
1446 1950 1669 2014 caliginem
1685 1950 1857 2000 discutit
1870 1991 1883 2008 ‚
1907 1969 1954 2000 ut

441 2025 592 2070 omnia
605 2017 751 2081 supera
766 2048 777 2065 ,
795 2015 948 2070 infera,
973 2016 1300 2078 prima,media,
1318 2015 1470 2061 ultima
1484 2016 1746 2063 videremus.
1777 2017 1955 2066 Haecest

441 2088 510 2134 illa
528 2103 623 2150 quae
647 2085 700 2131 de
727 2085 927 2128 moribus
949 2083 1117 2144 quaerit‚
1141 2097 1236 2144 quae
1251 2078 1431 2128 affectus
1448 2096 1688 2143 temperat,
1712 2099 1805 2145 quae
1822 2089 1955 2130 timo-

440 2157 493 2208 ri,
507 2169 600 2216 quae
612 2149 697 2215 spei
715 2165 876 2194 metam
895 2150 1038 2210 ponit,
1056 2161 1129 2192 aut
1148 2147 1351 2194 modum.
1380 2149 1579 2215 Qaeque
1596 2155 1663 2203 <ur
1680 2146 1960 2195 breviterSe-

444 2235 558 2265 necae
574 2216 716 2264 verbis
734 2211 1100 2271 dicam)humano
1115 2214 1262 2275 generi
1279 2215 1500 2276 promittit
1522 2211 1767 2261 consilium.
1794 2216 1958 2259 Divina

439 2284 557 2333 certe
587 2277 882 2331 &ineffabilis
906 2281 994 2329 vis,
1022 2293 1116 2341 quae
1141 2280 1336 2332 utinam,
1368 2279 1746 2342 quemadmodum
1779 2277 1959 2326 universi

441 2346 739 2398 mundifacies
756 2350 798 2391 in
815 2345 1099 2409 conspectum
1126 2346 1269 2400 venit,
1290 2346 1352 2390 ita
1368 2360 1461 2391 tota
1482 2343 1614 2390 nobis
1643 2342 1782 2406 posset
1806 2361 1961 2390 occur-

441 2433 547 2463 rere.
583 2412 795 2460 Profe&o
827 2426 984 2458 omnes
1009 2413 1053 2455 in
1075 2410 1411 2457 admirationem
1431 2411 1487 2455 sui
1503 2426 1674 2473 raperet
1690 2444 1704 2465 ,
1723 2410 1879 2457 relictis
1896 2410 1962 2455 his

435 2498 534 2545 quae
547 2497 662 2527 nunc
688 2494 862 2543 magua,
879 2492 1140 2540 magnorum
1157 2479 1441 2540 ignoratione
1457 2476 1689 2524 credimuS.
1746 2478 1874 2522 Hanc
1890 2491 1967 2521 au-

434 2563 529 2595 tem
555 2562 646 2595 nun
664 2562 796 2611 quam
814 2542 912 2592 satis
927 2542 1145 2591 laudatam
1175 2540 1418 2597 scientiam,
1446 2542 1694 2608 Sophisticae
1714 2539 1866 2591 abusus
1889 2551 1970 2652 (lm

1880 2623 1904 2670 P
1929 2623 1974 2653 e·
